2828 5122
446 488 716 555 CARMINUM
750 490 829 554 Lrs.
848 489 918 553 111.

281 687 407 774 Fruges
430 697 463 750 et
487 688 635 752 Cererem
658 687 788 761 ferunt3

329 819 397 883 Nec
420 820 550 884 cultura
572 821 676 907 placet
699 821 825 908 longior
848 840 972 885 annua:
1010 812 1012 817 ⁴

218 963 253 1016 15
278 952 543 1040 Defunctumque
565 942 731 1018 laboribus

331 1083 466 1171 AEquali
489 1095 611 1150 recreat
634 1096 719 1150 sorte
741 1084 888 1150 vicarius.

282 1215 356 1280 Illic
379 1227 481 1283 matre
504 1216 688 1296 carentibus

330 1346 496 1435 Privignis
517 1346 633 1412 mulier
657 1358 814 1434 temperat
835 1346 1004 1412 innocens:

280 1481 348 1544 Nec
372 1478 483 1544 dotata
505 1479 589 1566 regit
612 1478 736 1561 virum,

215 1625 255 1676 20
324 1613 489 1699 Conjunx,
514 1634 572 1676 uec
594 1609 698 1675 nitido
720 1610 793 1676 fidit
816 1610 973 1676 adultero.

280 1746 349 1809 Dos
372 1755 420 1809 est
444 1767 561 1832 magna
582 1743 765 1831 parentium

331 1878 455 1956 Virtus,
479 1888 512 1957 et
535 1887 680 1942 metuens
703 1875 845 1941 alterius.
858 1875 919 1940 viri

281 2012 380 2075 Certo
402 2009 523 2076 foedere
547 2009 693 2074 castitas:

331 2140 378 2207 Et
400 2164 532 2230 peccare
553 2141 654 2220 nefas,
679 2152 737 2206 aut
760 2141 900 2229 pretium
924 2132 971 2207 est
995 2142 1085 2206 mori.

218 2288 256 2340 25
280 2277 309 2339 Ο
334 2276 419 2362 quis,
444 2275 518 2362 quis
540 2274 626 2339 volet
650 2275 753 2362 inpias

333 2408 457 2488 Caedes,
481 2419 513 2472 et
536 2407 657 2472 rabiem
680 2407 793 2472 tollere
816 2408 972 2473 civicam?

283 2541 316 2605 Si
340 2551 463 2627 quaeret
486 2550 579 2628 pater
602 2539 732 2605 urbium
1023 2512 1024 2517 ἵ

330 2672 500 2738 Subscribi
524 2672 658 2744 statuis;
683 2671 871 2737 indomitam
895 2673 1012 2738 audeat

281 2806 457 2870 Refrenare
478 2805 651 2885 licentiam,

218 2951 256 3002 30
326 2937 443 3003 Clarus
464 2939 675 3026 postgenitis:
711 2950 882 3026 quatenus,
905 2937 970 3004 heu
992 2938 1093 3018 nefas,

282 3070 444 3135 Virtutem
466 3071 658 3136 incolumem
681 3070 819 3148 odimus,

334 3203 501 3269 Sublatam
524 3228 564 3269 ex
588 3204 690 3269 oculis
713 3204 889 3293 quaerimus
912 3204 1025 3269 invidt·

282 3336 370 3414 Quid
392 3336 507 3402 tristes
524 3337 744 3424 querimoniae,

334 3468 368 3533 si
392 3491 456 3533 non
480 3434 639 3556 subplicio
661 3468 760 3556 culpa
782 3469 959 3535 reciditur?

222 3614 258 3666 35
283 3580 371 3680 Quid
393 3602 480 3688 leges
504 3600 570 3666 sine
593 3602 736 3669 moribus

333 3735 432 3799 Vanae
455 3714 649 3821 proficiunt3
675 3735 702 3800 si
724 3758 830 3821 neque
852 3734 985 3800 fervidis

284 3868 365 3932 Pars
388 3867 511 3931 inclusa
533 3866 693 3932 caloribus

334 3999 467 4077 Mundi,
491 4009 549 4064 nec
573 4000 686 4065 Boreae
709 3999 882 4065 finitimum
905 3999 1002 4078 latus,

286 4134 487 4219 Durataeque
510 4132 586 4220 gelu
609 4133 698 4199 nives

128 4264 138 4271 ’
224 4277 261 4330 tt)
330 4265 545 4330 Mercatorem
569 4265 729 4354 abigunt?
763 4265 893 4331 horrida
917 4266 1024 4331 callidi

324 4453 348 4486 v.
358 4439 398 4486 25.
414 4439 488 4497 Vulg.
504 4439 658 4491 Oeuncurs.
849 4440 887 4489 ³9.
903 4439 1051 4490 Soronivcs.

1203 488 1276 552 aol
