2844 5130
85 479 151 540 222
437 479 474 555 Q.
500 478 713 543 HORATII
745 476 925 544 FLAccl
961 475 965 483 ’

175 674 310 740 Adsidet
331 675 451 740 insano.
476 688 588 764 potare
609 689 643 742 et
666 699 816 766 spargere
838 674 935 742 florea

116 820 150 870 15
177 807 346 896 Incipiam,
368 809 538 896 patiarque
560 810 612 875 vel
634 809 841 875 inconsultus·
856 809 985 875 haberi,
1097 804 1100 813 ¹

176 939 264 1019 Quid
285 964 350 1007 non
373 942 509 1007 ebrietas
532 942 702 1031 designat?
735 954 849 1031 operta
868 940 1030 1008 recludit:¹
1078 940 1082 947 '

176 1075 255 1163 Spes
272 1074 371 1163 jubet
391 1099 458 1141 esse
480 1089 585 1143 ratas:
621 1076 664 1143 ad
686 1078 801 1166 proelia
822 1076 930 1143 trudit
950 1068 1087 1143 incitari

177 1207 327 1273 Sollicitis
349 1208 463 1273 animis
486 1231 567 1274 onus
590 1209 721 1274 eximite
753 1209 891 1275 addocet
912 1209 1002 1276 artis

177 1341 322 1406 Fecundi
344 1342 457 1407 calices
480 1364 577 1429 quem
599 1366 665 1408 non
687 1342 996 1409 feceredisertum?

114 1486 153 1536 20
177 1475 351 1540 Contracta
372 1496 469 1563 quem
491 1498 555 1540 non
578 1477 612 1541 in
634 1488 826 1565 paupertate
848 1478 1019 1543 solutum?

177 1609 259 1673 Haec
282 1632 342 1697 ego
362 1631 536 1697 procurare
558 1621 591 1676 et
613 1610 748 1676 idoneus
769 1611 921 1699 imperor,
944 1622 979 1677 et
1000 1632 1062 1677 nau

178 1740 324 1806 Invitus:
358 1763 400 1808 ne
422 1754 518 1832 turpe
540 1744 635 1824 toral,
658 1767 700 1809 ne
722 1741 851 1809 sordida
871 1764 994 1834 mappa

178 1875 340 1963 Corruget
362 1876 469 1952 naris;
494 1901 535 1942 ne
557 1898 620 1942 non
644 1887 676 1942 et
699 1877 872 1943 cantharus
895 1890 928 1944 et
949 1878 1029 1943 lanx

182 2006 339 2073 Ostendat
361 2009 422 2074 tibi
445 2022 496 2085 te3
521 2033 562 2074 ne
584 2010 666 2075 fidos
687 2010 771 2075 inter
793 2011 912 2077 amicos

114 2154 151 2207 25
178 2141 239 2220 Sit,
263 2141 320 2230 qui
344 2141 431 2208 dicta
452 2126 538 2208 foras
560 2143 720 2218 eliminet3
746 2156 784 2209 ut
806 2152 898 2209 coeat
919 2167 993 2232 par,

177 2276 408 2361 Jungaturque
430 2276 510 2363 pari.
558 2276 695 2341 Butram
717 2276 777 2342 tibi
802 2276 1059 2364 Septiciumque,

176 2406 235 2484 Et,
259 2405 320 2470 nisi
343 2407 531 2494 cenaprior
553 2407 724 2494 potiorque
746 2409 867 2496 puella,
892 2406 1063 2485 Sabinum,

178 2538 322 2619 Detinet,
345 2539 519 2606 adsumam.
543 2542 633 2606 locus
655 2552 703 2607 est
726 2551 760 2606 et
781 2540 932 2628 pluribus
954 2539 1098 2607 umbriae

180 2671 243 2736 Sed
264 2671 359 2736 nimis
382 2685 453 2738 arta
470 2683 626 2761 premunt
647 2672 743 2739 olidae
766 2673 913 2738 convivia
934 2694 1052 2763 caprae.

117 2815 155 2866 30
180 2804 248 2884 Tu,
272 2815 393 2893 quotus
415 2830 481 2872 esse
504 2807 593 2885 velis,
617 2806 774 2882 rescribe;
798 2816 832 2870 et
855 2806 952 2871 rebus
974 2804 1101 2871 omissis
1176 2834 1179 2841 ’

178 2938 271 3004 Atria
293 2950 470 3004 servantem
492 2939 615 3029 postico
637 2939 713 3003 falle
736 2939 891 3004 clientem.

514 3296 756 3398 nm'suonn
790 3338 847 3396 v1.

546 3547 594 3596 ΑΙ)
620 3548 816 3597 NUMICIUM.

180 3711 222 3792 N
225 3753 261 3795 ιι
285 3731 446 3810 admirari,
470 3754 573 3820 prope
593 3755 644 3796 res
666 3745 714 3798 est
737 3754 814 3810 una,
839 3729 982 3807 Numici,
1028 3718 1035 3769 ’-

180 3865 318 3953 Solaque
340 3889 415 3954 quae
437 3866 537 3954 possit
560 3865 664 3931 facere
687 3877 725 3930 et·
742 3887 867 3930 servare
889 3863 1033 3928 beatum.

179 3998 280 4062 Hune
302 3999 411 4078 solem,
433 4010 466 4063 et
489 3999 607 4076 stellas,
631 4008 664 4062 et
687 3997 873 4063 decedentia
892 3995 990 4060 certis

180 4130 342 4218 Tempora
364 4132 543 4210 momentis,
570 4140 645 4195 sunt
668 4129 725 4216 qui
748 4127 918 4193 formidine
940 4126 1032 4192 nulla

140 4273 156 4324 5
181 4260 469 4355 Inbuti'spectent.
494 4262 574 4350 quid
596 4285 714 4340 censes,
737 4283 869 4325 munera
891 4264 1014 4324 terrae?

408 4437 480 4486 affl.
496 4437 570 4496 Vulg.
586 4436 696 4485 Bnnruu
706 4435 958 4486 tibismrrurunmun.
990 4430 993 4436 ’
1056 4504 1059 4509 ,
