2844 5130
379 504 728 569 EPISTOLARUM
760 502 837 569 Lm.
854 503 954 575 10218.
1189 503 1254 568 245

166 700 252 764 Dum
275 701 344 766 volt
365 701 496 768 libertas
518 703 581 768 dici
603 726 701 781 mera,
725 725 863 789 veraque
885 701 998 765 virtus.
1055 723 1059 757 :
1097 758 1100 762 .
1157 712 1160 719 '

165 831 273 897 Virtus
295 845 344 898 est
365 834 506 898 medium
529 834 691 914 vitiorum,
715 846 747 899 et
770 835 933 921 utrimque
954 833 1162 900 reductum..',

119 970 146 1022 10
164 964 251 1030 Alter
274 966 308 1030 in
330 967 520 1055 obsequium
542 968 617 1054 plus
640 991 734 1055 aequo
756 978 943 1056 pronun-et
966 966 1022 1031 imi

164 1099 297 1164 Derisor.
314 1099 400 1179 lecti,
419 1100 468 1166 sic
490 1113 606 1166 nutum
629 1102 738 1167 divitis
759 1102 878 1181 horret,

165 1231 213 1296 Sic
235 1233 341 1298 iterat.
354 1257 457 1314 voces,
480 1247 513 1299 et
535 1236 633 1300 verba
654 1236 799 1301 cadentia
820 1236 925 1311 tollit;
952 1286 955 1293 .

163 1363 209 1428 Ut
230 1388 368 1452 puerum
392 1389 476 1431 saevo
499 1367 608 1431 credas
631 1367 751 1432 dictata
773 1368 926 1456 magistro
982 1393 984 1397 ·

163 1494 319 1575 Reddere,
342 1497 393 1562 vel
415 1499 516 1587 partis
537 1499 670 1563 mimum
694 1511 829 1565 tractare
853 1499 1022 1564 secundas:

116 1627 143 1681 ¹5
164 1625 249 1692 Alter
271 1628 397 1694 rixatur
419 1630 459 1694 de
481 1631 554 1694 lana
576 1652 660 1717 soepe
683 1622 822 1719 caprina,
846 1644 878 1696 et
958 1711 960 1715 ¹

164 1759 349 1850 Propugnat
371 1763 466 1850 nugis
486 1774 647 1828 armatus:
674 1764 813 1840 Scilicet,
835 1776 873 1828 ut
895 1786 959 1828 non

165 1891 208 1957 Sit
231 1893 311 1958 mihi
332 1894 436 1982 prima
458 1894 559 1958 fides?
588 1907 632 1973 et,
655 1918 728 1959 vere
750 1895 841 1982 quod
860 1895 976 1983 placet,
1000 1908 1036 1961 ut
1059 1919 1124 1961 non

160 2024 284 2092 Acriter
305 2027 459 2091 elatrem?
489 2026 627 2114 pretium
651 2040 728 2092 aetas
750 2028 850 2091 altera
873 2026 987 2091 sordet.
1106 2032 1125 2092 f

157 2162 346 2253 Ambigitur
367 2163 447 2251 quid
470 2164 577 2228 enim?
608 2166 722 2228 Castor
746 2165 823 2228 sciat
847 2187 887 2229 an
910 2164 1032 2229 Docilis
1048 2165 1148 2252 >plus3

71 2279 134 2340 ²⁰
156 2292 369 2362 Brundisium
385 2296 520 2380 ‘Minuci
540 2298 654 2363 melius
676 2296 729 2362 via
751 2297 859 2375 ducat,
883 2320 924 2361 an
944 2297 1041 2385 Appi.

155 2430 265 2507 Quem
288 2427 440 2493 damnosa
462 2429 581 2507 Venus,
605 2451 701 2516 quem
724 2452 866 2517 praeceps
887 2430 957 2494 alea
978 2428 1089 2512 nudat,
1204 2423 1209 2434 ’

156 2560 276 2626 Gloria
297 2583 393 2649 quem
417 2583 514 2649 supra
537 2561 619 2626 vires
641 2572 672 2625 et
695 2562 789 2625 vestit
812 2572 844 2625 et
867 2561 995 2650 unguit,

158 2695 264 2772 Quem
287 2704 373 2758 tenet
397 2693 520 2782 argenti
544 2694 612 2758 sitis
633 2694 805 2781 inportuna
826 2693 1000 2779 famesque,

161 2834 265 2911 Quem
287 2832 486 2921 paupertatis
508 2833 614 2920 pudor
637 2843 668 2896 et
689 2831 788 2919 fuga3
813 2832 902 2896 dives
924 2832 1054 2909 amicus,

51 2946 124 3014 2⁵
163 2971 254 3057 Saepe
276 2969 384 3036 decem
408 2970 495 3035 vitiis
517 2969 713 3048 instructior,
728 2965 803 3034 'odit
827 2981 858 3034 et
880 2969 1006 3033 horret:

162 3108 228 3172 Aut
252 3105 279 3171 si
300 3129 365 3171 non
387 3106 477 3185 odit,
490 3107 593 3193 regit3
618 3128 666 3183 ac,
689 3106 790 3171 veluti
812 3106 868 3194 pia
888 3116 999 3185 mater,

164 3245 243 3309 Plus
266 3267 364 3331 quam
387 3267 419 3308 se
442 3266 552 3330 sapere
575 3254 606 3307 et
629 3242 805 3306 virtutibus
826 3232 893 3308 esse
909 3242 1052 3329 'priorem

163 3376 255 3440 Volt:
281 3387 313 3440 et
334 3375 380 3439 ait
402 3396 505 3464 prope
527 3396 620 3449 vera,
647 3376 732 3439 Meae
757 3373 960 3456 (contendere
982 3373 1063 3458 noli)

163 3509 341 3575 stultitiam
363 3510 532 3597 patiuntur
554 3531 647 3595 opes:
672 3507 732 3573 tibi
754 3507 891 3595 parvula
912 3528 962 3569 res
984 3518 1051 3570 est:

70 3628 141 3702 30
161 3643 241 3708 Arta
263 3642 354 3707 decet
377 3653 488 3707 sanum
511 3640 657 3741 comitem
679 3650 772 3726 toga:
796 3638 906 3703 desine
927 3661 1050 3702 mecum

161 3776 311 3871 Cartare:
335 3773 545 3860 Eutrapelus,
557 3760 758 3858 ¹cuicumque
780 3793 892 3836 nocere
913 3760 1051 3846 volebat,

160 3907 357 3972 Vestimenta
378 3905 476 3971 dabat
498 3905 643 3992 pretiosa.
667 3902 781 3969 beatus
802 3904 886 3968 enim
904 3905 973 3991 jam
1061 3920 1062 3924 ’

161 4041 245 4105 Cum
268 4038 412 4127 pulchris
434 4036 551 4102 tunicis
573 4048 676 4100 sumet
698 4059 781 4100 nova
802 4034 933 4101 consilia
954 4046 987 4098 et
1009 4056 1098 4121 spes3

160 4171 307 4236 Dormiat
329 4171 363 4234 in
384 4171 508 4242 lucem;
533 4180 635 4233 scorto
657 4180 827 4256 postponet
849 4167 1018 4230 honestum

99 4316 137 4369 ³5
159 4304 328 4380 Officium
355 4323 502 4367 nummos
524 4301 640 4366 alienos
662 4312 790 4388 pascet;
814 4298 855 4364 ad
878 4299 977 4362 imum
1012 4336 1016 4342 ·

330 4498 355 4531 v.
365 4483 388 4529 8.
406 4479 479 4538 vulg.
495 4479 573 4528 Mani
585 4495 645 4528 mci.
817 4478 855 4525 15.
871 4476 906 4524 Er
920 4477 989 4524 derat.
1029 4508 1031 4515 ·
