2828 5122
431 452 624 522 EPODON
656 458 807 524 Limia

211 656 313 720 Nulla
334 668 450 721 nocent
472 657 580 745 pecori
603 657 779 745 contagia}
793 630 918 720 nullius
940 655 1018 720 astri

256 788 396 876 Gregem
420 778 558 854 aestuoaa
581 799 682 854 torret
704 789 893 878 inpotentia.

210 919 366 1007 Juppiter
388 919 446 985 illa
467 921 531 1009 piae
555 921 689 986 secrevit
710 921 808 986 litora
830 920 941 1008 genti3

256 1053 306 1117 Ut
328 1052 511 1140 inquinavit
534 1076 597 1118 aera
620 1065 749 1141 tempus
772 1076 917 1132 aureum,

132 1187 183 1249 65
209 1185 290 1250 AEre
313 1184 430 1250 dehinc
452 1186 538 1252 ferro
561 1186 693 1252 duravit
717 1188 840 1252 secula:
866 1209 1006 1275 quorum

256 1316 324 1382 Piis
348 1319 498 1399 secunda,
523 1331 596 1384 vate
619 1344 682 1400 me,
707 1320 804 1386 datur
826 1321 916 1408 iuga
963 1314 966 1321 ’

555 1744 695 1818 XVII.

404 1936 626 1985 HORATIUS:
659 1936 842 1986 CANIDIA.
866 1991 869 1994 ‚

210 2091 236 2173 J
241 2133 292 2174 nu
312 2112 382 2198 jam
405 2110 523 2176 efficaci
546 2110 589 2175 do
613 2134 728 2177 manus
751 2111 909 2185 scientim

211 2243 356 2330 Supplex
379 2219 412 2307 et
435 2267 492 2307 oro
514 2266 614 2331 regna
636 2266 695 2332 per
720 2243 932 2332 Proserpinae,

211 2374 272 2438 Per
295 2384 328 2440 et
351 2374 466 2440 Dianae
490 2396 554 2440 non
578 2377 735 2441 movenda
757 2376 902 2454 numina,

211 2507 272 2571 Per
295 2518 394 2595 atque
416 2508 516 2574 libros
539 2510 719 2575 carminum
742 2509 919 2574 valentium

165 2648 186 2700 5
210 2639 325 2704 Refixa
346 2640 426 2705 caelo
448 2640 604 2706 devocare
628 2642 751 2716 sidera3

210 2774 354 2852 Canidia,
379 2798 474 2863 parce
497 2776 631 2842 vocibus
654 2776 785 2842 tandem
809 2774 917 2852 sacris,

210 2906 385 2995 Citumque
408 2922 494 2973 retro
519 2911 617 2988 solve,
642 2910 729 2975 solve
752 2908 923 2974 turbinem.

210 3039 317 3106 Movit
339 3053 489 3129 nepotem
514 3043 682 3130 Telephus
705 3043 872 3120 Nereium,

210 3170 250 3235 in
273 3195 371 3260 quem
396 3173 556 3261 superbus
578 3175 743 3240 ordinarat
767 3172 895 3261 agmina

156 3308 190 3362 10
211 3304 394 3392 Mysorum,
419 3319 451 3370 et
474 3308 508 3371 in
533 3329 629 3394 quem
654 3307 718 3372 tela
740 3317 836 3370 acuta
859 3315 1005 3369 torserat.
1037 3273 1041 3279 ¹

210 3435 342 3501 Luxere
364 3447 482 3501 matres
508 3436 578 3502 Iliae
602 3437 769 3502 addictum
792 3435 868 3500 ieris

210 3567 352 3633 alitibus
375 3579 474 3656 atque
497 3569 631 3635 canibus
654 3568 847 3634 homicidam
872 3568 1065 3641 Hectorem

210 3700 389 3788 Postquam
412 3703 532 3768 relictis
555 3703 716 3768 moenibus
738 3727 795 3768 rex
819 3700 958 3791 procidit

211 3833 288 3898 Heu
312 3830 486 3922 pervicacis
509 3836 551 3900 ad
574 3836 672 3924 pedes
696 3837 839 3902 Achillei.
938 3797 941 3800 -

154 3977 185 4029 15
210 3967 321 4032 Setosa
343 3968 434 4032 duris
458 3992 575 4034 exuere
598 3971 738 4058 pellibus

210 4098 379 4164 Laboriosi
402 4101 538 4188 remiges
562 4103 685 4181 Ulixei,

211 4233 344 4298 Volente
369 4234 475 4311 Circa,
500 4235 662 4300 membra:
690 4248 767 4301 tunc
790 4258 878 4300 mens
902 4246 933 4299 et
958 4258 1053 4300 sonus
1149 4293 1154 4302 .

330 4439 353 4471 v.
367 4423 401 4471 ll.
420 4422 492 4481 iulg.
511 4424 627 4473 Unxaan.
777 4426 812 4474 17.
830 4425 917 4472 Cinea.

1157 457 1225 520 103
