2844 5130
413 1013 456 1097 Q.
483 1011 713 1085 HORATII
746 1010 931 1085 FLAGGI

314 1235 1033 1325 EPISTOLARUM

491 1483 611 1538 LIBER
641 1478 864 1540 SECUNDUS(

541 1831 756 1892 EPISTOLA
782 1832 807 1890 1.

519 2024 571 2072 AD
601 2023 827 2072 AUGUSTUM.

170 2193 260 2291 Con
284 2225 334 2278 tot
356 2214 511 2278 sustineas
534 2228 566 2279 et
589 2227 681 2280 tanta
703 2215 832 2303 negotia
854 2214 952 2292 solus,

167 2346 234 2412 Res
259 2347 360 2411 Italas
383 2346 479 2411 armis
502 2347 628 2427 tuteris,
652 2349 795 2414 moribus
818 2370 921 2426 ornes,

168 2480 314 2570 Legibus
336 2481 503 2557 emendem
527 2482 562 2546 in
585 2482 716 2569 publica
739 2482 905 2546 commoda
927 2504 1066 2570 peccem,

169 2613 202 2676 Si
223 2614 323 2702 longo
346 2636 489 2678 sermone
511 2635 615 2678 morer
638 2624 696 2677 tua
718 2626 874 2698 tempora,
900 2614 1018 2677 Caesar.

110 2742 148 2799 5
169 2744 341 2823 Romulus,
365 2756 397 2810 et
422 2746 522 2809 Liber
544 2756 647 2834 pater,
671 2756 800 2809 etcum
825 2745 959 2807 Castore
982 2743 1114 2820 Pollux,

168 2875 247 2940 Post
269 2876 413 2963 ingentia
434 2877 502 2941 fata
524 2878 670 2942 Deorum
692 2877 725 2940 in
748 2875 869 2963 templa
890 2874 1022 2962 recepti,

168 3010 259 3074 Dum
281 3022 382 3075 terras
404 3011 635 3097 hominumque
657 3012 768 3076 colunt
791 3033 905 3098 genus,
929 3032 1042 3095 aspera
1062 3008 1148 3073 bella

168 3143 377 3230 Conponunt,
401 3165 495 3230 agros
518 3143 699 3232 adsignant,
724 3142 845 3231 oppida
867 3142 1030 3215 condunt;

167 3276 340 3341 Ploravere
363 3277 428 3341 suis
451 3299 515 3340 non
537 3277 729 3365 respondere
752 3277 895 3341 favorem

104 3415 145 3470 10
169 3408 339 3496 Speratum
363 3407 493 3472 meritis.
517 3408 621 3473 diram
645 3409 702 3496 qui
725 3409 874 3473 contudit
898 3408 1061 3496 Hydram,
1164 3375 1167 3380 Ι

168 3539 321 3626 Notaque
343 3539 434 3604 fatali
456 3551 606 3628 portenta
627 3540 737 3605 labore
761 3540 904 3629 subegit,

169 3670 326 3758 Conperit
347 3671 502 3736 invidiam
526 3695 675 3759 supremo
698 3672 762 3736 fine
785 3672 918 3737 domari.

167 3803 246 3866 Urit
269 3803 353 3867 enim
376 3803 504 3890 fulgore
528 3827 598 3884 suo,
620 3805 680 3893 qui
703 3819 886 3894 praegravat
909 3805 988 3869 artis

167 3934 261 3998 Infra
285 3957 318 3998 se
340 3935 479 4022 positas:
504 3936 667 4003 extinctus
690 3938 852 4003 amabitur
874 3936 968 4001 idem.

109 4078 144 4130 15
169 4066 326 4131 Praesenti
349 4065 409 4130 tibi
432 4079 576 4132 maturos
599 4069 756 4159 largimur
778 4071 925 4144 honores,

170 4197 398 4285 Jurandasque
422 4210 515 4264 tuum
539 4223 597 4288 per
620 4225 737 4268 numen
761 4198 911 4289 ponimus
933 4221 1016 4279 aras,

244 4415 247 4420 ,
379 4390 402 4422 v.
412 4374 436 4422 6.
454 4374 529 4436 Vulg.
545 4375 636 4425 Fron.
813 4375 849 4422 16.
864 4373 969 4422 Nouus.
