2844 5130
248 365 314 429 144
602 366 640 444 Q.
666 363 879 430 HORATII
905 363 1084 431 FLAccl

473 567 699 632 contaminato
721 590 795 632 cum
818 591 921 656 grege.
940 569 1087 656 turpium
1202 612 1205 617 <
1242 567 1249 586 '

412 711 448 762 10
472 697 592 765 Morbo
614 699 770 776 virorum,
795 699 956 787 quidlibet
979 698 1143 788 inpotens,

518 832 664 919 sperare,
688 831 884 919 fortunaque
907 831 996 897 dulei

562 963 673 1029 Ebria.
699 963 756 1029 sed
778 963 896 1029 minuit
919 963 1062 1031 furorem

472 1097 535 1161 Vix
559 1119 625 1161 uns
648 1120 756 1185 sospes
778 1097 869 1162 navis
891 1096 934 1162 ab
956 1096 1106 1185 ignibus:

472 1230 684 1316 Montemque
705 1228 905 1318 lymphatam
930 1230 1109 1294 Mareotico

413 1374 448 1426 15
519 1361 660 1449 Redegit
682 1361 716 1426 in
739 1384 832 1426 veros
854 1361 998 1426 timores.

564 1495 684 1573 Caesar,
708 1493 749 1559 ab
773 1493 872 1559 Italia
894 1494 1056 1558 volantem

472 1625 584 1692 Remis
606 1626 779 1715 adurgens,
805 1625 973 1714 (accipiter
995 1625 1086 1690 velut

471 1759 585 1824 Mollis
607 1758 783 1837 columbas,
806 1770 865 1824 sut
887 1759 1027 1846 leporem
1050 1758 1135 1823 citus

515 1892 656 1956 Venator
678 1892 712 1957 in
736 1890 857 1978 campis
879 1891 995 1956 nivalis

409 2037 449 2088 20
563 2023 759 2109 Haemoniae)
784 2023 875 2088 daret
898 2035 937 2088 ut
959 2024 1080 2089 catenis

473 2156 586 2222 Fatale
607 2167 806 2221 monstrum:
832 2179 906 2243 quae
929 2156 1115 2245 generosius

472 2288 582 2354 Perire
605 2310 764 2375 quaerens,
788 2311 846 2352 nec
868 2288 1068 2353 muliebriter

515 2420 661 2508 Expavit
685 2443 802 2498 ensem,
826 2444 884 2485 nee
907 2421 1037 2486 latentis

564 2552 675 2618 Classe
697 2553 762 2618 cita
784 2554 944 2642 reparavit
968 2576 1047 2617 oras.
1088 2612 1090 2618 .

404 2698 443 2763 25
467 2687 556 2750 Ausa
578 2697 611 2750 et
629 2685 789 2772 jacentem
813 2685 915 2750 visere
936 2685 1057 2772 regiam

471 2817 571 2882 Voltu
596 2839 717 2895 sereno,
741 2817 834 2882 fortis
857 2828 890 2881 et
913 2840 1041 2905 asperas

517 2952 674 3015 Tractare
697 2949 874 3037 serpentis,ยน
892 2959 929 3013 ut
952 2959 1059 3012 atrum

561 3083 704 3171 Corpore
727 3081 913 3148 conbiberet
936 3102 1105 3158 venenum,

472 3216 660 3283 Deliberata
681 3226 784 3280 morte
807 3214 960 3279 ferocior:

409 3361 447 3412 80
472 3348 574 3414 Saevis
598 3347 755 3413 Liburnis
778 3345 897 3424 scilicet
920 3345 1067 3409 invidens
1144 3397 1146 3408 .

517 3480 651 3544 Privata
672 3479 788 3544 deduci
813 3477 952 3566 superbo

563 3614 637 3677 Non
661 3611 791 3677 humilis
815 3608 929 3675 mulier
953 3607 1127 3696 triumpho.

430 3836 454 3866 v.
467 3821 503 3867 10.
518 3818 596 3873 Forte,
613 3818 828 3875 Oaanosnronuu,
839 3815 914 3875 quidl.
1010 3816 1050 3863 24.
1066 3815 1144 3870 Forte,
1159 3812 1213 3860 Pru
