2844 5130
138 406 205 491 276
307 413 308 416 ‘
452 428 458 445 ι
491 413 978 509 Q.HORAOE11‘FLACCI

341 609 514 675 Adduxere
538 611 623 675 sitim
646 621 802 698 tempora,
826 610 960 698 virgili:

340 742 403 807 Sed
425 763 570 829 pressum
595 742 729 807 Calibus
752 742 1050 814 ducereLiberum

280 887 315 940 15
341 877 375 941 Si
396 877 507 964 gestis,
527 877 688 964 juvenum
707 873 865 943 nubilium
888 877 997 955 cliens,

430 1009 542 1074 Nardo
565 1011 640 1075 vine
661 1010 839 1076 mereberis.

339 1142 442 1208 Nardi
465 1166 585 1231 parvus
607 1165 697 1231 onyx
721 1142 824 1208 eliciet
847 1143 975 1222 cadum,

339 1275 403 1353 Qui
426 1298 513 1341 nunc
537 1275 688 1364 Sulpiciis
710 1275 850 1340 adcubat
872 1274 1006 1354 horreis,

219 1478 221 1483 ,
341 1411 420 1497 Spes
443 1410 562 1474 donare
584 1430 684 1474 novas
706 1409 827 1496 largus,
851 1431 1026 1495 amaraque
1074 1474 1077 1481 ,

264 1554 316 1626 20
430 1543 591 1607 Curarum
614 1541 721 1606 eluere
743 1541 863 1606 efficax.

339 1675 391 1739 Ad
414 1698 488 1761 quae
512 1674 543 1739 si
560 1696 712 1762 properas
734 1674 864 1761 gaudia,
889 1697 964 1739 cum
987 1685 1046 1738 tue

337 1808 440 1872 Velox
463 1830 566 1873 merce
590 1807 682 1871 veni:
715 1829 780 1872 non
804 1830 864 1894 ego
887 1818 920 1871 te
942 1806 1022 1872 meis

340 1942 509 2005 Inmunem
532 1939 670 2004 meditor
693 1939 840 2027 tinguere
862 1939 999 2026 poculis,

427 2073 528 2139 Plena
550 2073 640 2138 dives
663 2085 700 2137 ut
723 2074 756 2138 in
780 2073 884 2137 domo.

276 2222 313 2273 25
338 2210 456 2272 Verum
481 2230 563 2295 pone
586 2230 690 2271 moras
713 2218 745 2272 et
769 2174 912 2272 studium
935 2206 1038 2282 lucri;

336 2341 577 2429 Nigrorumque
599 2363 720 2404 memor
743 2341 822 2404 dum
844 2339 920 2404 licet
942 2329 1098 2433 ignium(

336 2434 440 2541 Misce
463 2474 633 2539 stultitiam
656 2474 795 2538 consiliis
817 2474 966 2539 brevem:

424 2608 529 2672 Dulce
552 2617 600 2671 est
623 2606 768 2694 desipere
789 2606 824 2670 in
847 2605 927 2671 loco.

543 2902 544 2906 ’
667 2907 791 2982 XIII.

612 3103 664 3151 AD
695 3102 839 3151 LYCEN.

332 3246 547 3342 Auurvuru,
566 3264 674 3352 Lyce,
698 3266 744 3329 Di
766 3287 838 3331 mea
859 3276 947 3343 vote,
970 3264 1016 3328 DI

333 3397 504 3476 Audivere,
530 3397 628 3485 Lyce.
650 3397 689 3462 fis
712 3420 804 3476 anus,
828 3409 860 3462 et
884 3409 990 3462 tamen

378 3529 435 3594 Vis
457 3529 597 3594 formosa
619 3530 734 3608 videri,
954 3501 957 3508 A

298 3714 325 3722 ..
424 3633 593 3749 Ludisque
616 3660 649 3727 e't
671 3629 757 3728 bibis
779 3663 956 3751 inpudens:
1024 3675 1026 3679 ‘

291 3810 309 3860 5
333 3799 378 3861 Et
402 3807 502 3860 cautu
524 3798 662 3861 tremulo
684 3808 763 3885 pota
786 3797 982 3885 Cupidinem
1096 3811 1098 3815 '
1127 3813 1130 3821 '

332 3931 474 3993 Lentum
498 3928 657 4027 sollicitas.
681 3929 736 3993 ille
759 3928 892 3994 virentis
915 3941 946 3994 et

377 4063 492 4127 Doctae
515 4061 650 4150 psallere
675 4061 766 4128 Chiae
792 4146 794 4153 Ι

423 4195 573 4260 Pulchris
595 4194 734 4261 excubat
757 4194 800 4261 in.
814 4194 914 4282 genis.

564 4387 589 4417 v.
600 4369 637 4417 16.
653 4368 728 4430 vug.
743 4369 894 4429 Mursense.
