2844 5130
443 481 713 546 SERMONUM
744 481 822 545 Lm.
840 482 888 545 II.
914 487 940 546 6.

200 677 322 742 Divitiis
344 677 497 756 nomines,
522 701 563 742 an
586 678 649 743 sint
672 677 916 743 virtutensi:
1025 685 1028 690 ·
1127 655 1129 660 ’

153 819 181 877 75
200 809 317 887 Quidve
340 810 383 880 ad
404 809 569 886 amicitias,
593 833 670 875 usus
692 821 865 888 rectumne,
889 808 996 874 trahat
1018 832 1094 873 nos:

198 941 237 1005 Et
258 941 397 1029 quaesit
421 953 536 1009 natura
557 943 645 1019 boni,
670 964 893 1028 summumque
916 940 996 1027 quid
1019 941 1099 1028 ejus.

199 1075 326 1140 Cervius
348 1075 417 1139 hoec
439 1075 522 1140 inter
544 1075 668 1140 vicinus
690 1074 791 1163 garrit
814 1074 906 1139 anilis

197 1206 245 1270 Ex
266 1229 302 1271 re
324 1206 468 1274 fabellas.
492 1207 518 1272 si
540 1207 613 1294 quis
636 1230 710 1279 nam
732 1206 843 1271 laudat
867 1206 965 1270 Arelli

199 1338 349 1404 Sollicitas
371 1340 502 1427 ignarus
524 1362 619 1427 opes3
645 1341 689 1405 sic
712 1339 839 1427 incipit:
875 1339 960 1404 Olim

152 1480 180 1531 00
198 1471 347 1536 Rusticus
370 1471 529 1539 urbanum
552 1495 674 1537 murem
697 1495 768 1536 mus
791 1495 931 1559 paupere
953 1473 1068 1575 fertur!

198 1602 356 1690 Accepisse
378 1627 468 1682 cavo,
491 1617 628 1671 veterem
651 1615 743 1669 vetus
765 1604 879 1691 hospes
902 1606 1057 1679 amicum3
1163 1605 1164 1609 ’

198 1736 302 1825 Asper,
327 1750 359 1802 et
382 1749 524 1804 attentus
546 1739 708 1826 quaesitis3
733 1751 771 1803 ut
793 1751 899 1804 tamen
921 1750 1027 1804 artum

200 1869 336 1934 Solveret
358 1870 505 1958 hospitiis
527 1872 677 1936 animum.
703 1871 782 1958 quid
805 1871 930 1936 multa?
963 1894 1067 1958 neque
1088 1870 1142 1935 ille

199 2001 328 2088 Sepositi
351 2002 471 2081 ciceris,
496 2027 553 2068 nec
575 2005 679 2091 longae
701 2005 817 2069 invidit
840 2027 968 2069 avena:

154 2140 180 2192 85
198 2134 328 2199 Aridum
350 2147 382 2201 et
404 2159 459 2200 ore
481 2137 584 2200 ferens
607 2137 745 2215 acinum,
769 2159 950 2224 semesaque
971 2137 1053 2201 lardi

200 2266 329 2333 Frustra
351 2268 451 2348 dedit,
475 2271 605 2357 cupiens
629 2270 717 2334 varia
739 2269 867 2334 fastidia
889 2278 966 2334 ce'na

200 2382 327 2465 Vincere
350 2402 508 2488 tangentis
530 2403 611 2466 male
634 2401 759 2488 singula
781 2401 875 2466 dente
898 2401 1053 2489 superbo:

200 2530 276 2596 Cum
299 2544 391 2619 pater
412 2534 480 2621 ipse
503 2534 617 2598 domus
639 2535 731 2622 palea
752 2546 917 2622 porrectus
939 2535 973 2598 in
995 2534 1112 2598 horna

199 2661 287 2729 Esset
310 2666 388 2730 ador
410 2666 597 2753 loliumque,
621 2667 713 2753 dapis
735 2667 865 2732 meliora
886 2668 1076 2754 relinquens.

154 2795 340 2862 90Tandem
364 2798 505 2862 urbanus
528 2799 570 2862 ad
591 2799 688 2878 hunc,
715 2799 801 2876 Quid
824 2810 856 2863 te
874 2799 981 2886 juvat,
1005 2799 1123 2885 inquit,
1147 2798 1254 2873 amice,

199 2928 356 3018 Praerupti
378 2931 513 2996 nemoris
535 2932 708 3019 patientem
731 2932 837 2996 vivere
859 2931 976 2996 dorso?

199 3061 248 3127 Vis
271 3075 309 3127 tn
332 3063 473 3129 homines
497 3065 672 3151 urbemque
694 3065 769 3129 feris
791 3086 975 3152 praeponere
999 3062 1108 3127 silvis?

199 3195 298 3285 Carpe
320 3197 405 3262 viam
429 3198 522 3283 (mihi
544 3199 651 3284 crede)
671 3221 796 3270 comes:
832 3197 993 3262 terrestria
1014 3195 1143 3282 qnando

200 3327 344 3393 Mortalis
366 3329 485 3394 animas
507 3330 622 3395 vivunt
646 3330 768 3408 sortita,
792 3351 895 3415 neque
918 3329 985 3392 ulla
1007 3339 1054 3392 est

153 3463 180 3522 95
199 3460 259 3526 Aut
281 3484 399 3549 magno
421 3474 479 3526 aut
500 3483 601 3549 parvo
623 3462 679 3526 leti
701 3463 790 3549 fuga.
814 3484 891 3548 quo,
914 3460 1008 3539 bone,
1032 3461 1125 3538 circa,

199 3594 281 3660 Dum
304 3595 390 3675 licet,
412 3598 447 3660 in
470 3597 566 3662 rebus
584 3596 734 3685 jocundis
756 3595 828 3659 vive
850 3596 981 3660 beatus:

198 3727 271 3793 Vive
294 3750 425 3806 memor,
450 3751 547 3816 quam
570 3730 611 3794 sis
634 3728 694 3794 aevi
716 3728 831 3793 brevis.
879 3729 961 3792 Haec
984 3727 1040 3791 ubi
1064 3726 1149 3791 dicta
1194 3773 1197 3781 .

198 3860 360 3949 Agrestem
383 3863 553 3951 pepulere;
579 3863 673 3927 domo
695 3863 773 3926 levis
796 3862 920 3927 exsilit:
954 3861 1028 3925 inde

197 3990 298 4058 Ambo
320 3994 521 4081 propositum
543 4005 702 4082 peragunt
723 3995 796 4073 iter,
821 3995 909 4059 urbis
932 4004 1058 4059 aventes

136 4126 176 4182 100
197 4123 317 4189 Moenia
340 4125 488 4190 nocturni
511 4127 689 4214 subrepere.
712 4127 844 4214 jamque
867 4126 994 4191 tenebat

198 4256 269 4320 Nox
294 4257 435 4322 medium
458 4259 527 4323 caeli
551 4260 707 4346 spatium
740 4282 813 4323 curn
836 4260 926 4346 ponit
949 4272 1084 4346 uterque

257 4446 280 4478 v.
292 4430 330 4478 78.
348 4431 369 4478 V
371 4430 421 4490 ulg.
436 4430 498 4478 Nan
510 4448 530 4478 si
541 4448 605 4483 cuis.
735 4433 772 4479 83.
787 4432 851 4479 ltin.
982 4433 1019 4480 92.
1036 4431 1094 4480 Vrn'
1104 4439 1139 4479 tu.
