2828 5122
324 524 327 530 ,
372 451 648 516 SERMONUM
676 452 753 514 Lm.
772 451 800 514 1.
827 463 872 519 10.

128 654 186 716 Est
209 651 368 717 brevitate
391 676 485 740 opus,
509 663 546 717 ut
571 662 679 716 currat
703 651 871 728 sententia,
896 647 957 714 neu
982 649 1015 714 se
1046 647 1048 650 ’

76 797 106 847 10
128 783 276 872 lnpediat
299 784 406 848 verbis
427 785 529 848 lassas
548 783 755 848 onerantibus
777 783 884 846 auris}

126 917 171 980 Et
194 938 338 980 sermone
360 938 445 1002 opus
466 927 515 980 est
537 915 633 979 modo
656 915 759 993 tristi5
778 915 868 1001 saepe
880 913 1009 1000 jocoso;

126 1047 328 1112 Defendente
349 1047 451 1111 vicem
475 1046 571 1110 modo
593 1046 730 1111 rhetoris
752 1057 850 1132 atque
873 1053 997 1132 poctoe3

126 1179 295 1244 Interdum
319 1178 434 1243 urbani
457 1174 617 1265 parcentis
639 1179 775 1256 viribus,
799 1191 897 1264 atque

126 1311 340 1376 Extenuantis
363 1334 416 1376 eas
437 1311 593 1376 consulto.
617 1311 790 1375 ridiculum
813 1311 879 1374 acri

64 1455 100 1505 15
128 1443 257 1509 Fortius
279 1455 310 1509 et
334 1443 448 1507 melius
470 1465 603 1529 magnas
625 1443 816 1530 plerumque
840 1453 924 1506 secat
946 1464 1005 1505 res.

129 1577 192 1655 Illi,
218 1576 336 1663 scripta
359 1575 480 1662 quibus
503 1575 672 1641 Comoedia
691 1576 796 1661 prisca
818 1576 896 1639 viris
918 1587 977 1652 est,

130 1711 199 1774 Hoc
224 1710 362 1787 stabunt,
386 1709 448 1773 hoc
470 1719 547 1799 sunt
567 1708 733 1773 imitandi:
757 1731 838 1795 quos
860 1688 965 1794 neque
988 1707 1120 1794 pulcher
1167 1719 1169 1722 ’

130 1837 345 1930 Hermogenes
368 1863 521 1928 umquam
543 1842 634 1928 legit,
657 1864 762 1928 neque
785 1842 895 1905 simius
917 1841 989 1919 iste,

123 1975 185 2042 .Nil
205 1986 325 2062 praeter
348 1975 481 2039 Calvom
505 1984 537 2038 et
560 1973 675 2038 doctus
697 1985 824 2038 cantare
849 1973 1027 2038 Catullum

53 2114 97 2166 20
130 2106 170 2171 lt
191 2128 344 2194 maguum
367 2106 444 2171 fecit
466 2106 556 2192 quod
579 2105 685 2170 verbis
708 2107 824 2170 Graeca
847 2106 974 2170 Latinis

132 2239 272 2303 Miscuit.
319 2237 434 2302 Oseri
458 2238 657 2302 studiorum!
689 2238 786 2324 quine
807 2238 930 2325 putetis
1077 2323 1078 2326 Ἴ

90 2444 92 2447 ,
133 2369 268 2435 Difficile
288 2381 322 2437 et
343 2369 473 2449 mirum,
497 2369 628 2434 Rhodio
650 2370 739 2456 quod
763 2369 961 2435 Pitholeonti
996 2470 998 2472 Ι

135 2502 299 2591 Contigit?
337 2503 382 2569 At
405 2524 508 2573 sermo
530 2503 644 2590 lingua
664 2504 838 2569 concinnus
861 2513 998 2590 utraque
1024 2533 1026 2537 ⁴

137 2637 279 2716 Suavior,
301 2647 339 2701 ut
363 2636 447 2701 Chio
468 2646 545 2701 nota
569 2637 595 2700 si
618 2636 780 2701 conmixta
803 2635 933 2700 Falerni
956 2649 1014 2701 est.

80 2774 115 2825 25
137 2769 212 2832 Cum
235 2791 347 2834 versus
369 2768 485 2836 facias:
511 2768 650 2854 teipsum
673 2780 853 2855 percontor,
876 2790 929 2831 au>
942 2779 973 2833 et
997 2791 1075 2833 curn

138 2900 222 2965 Dura
245 2900 305 2965 tibi
327 2900 509 2989 peragenda
531 2901 577 2965 rei
600 2901 642 2965 sit
664 2923 776 2965 caussa
800 2901 931 2966 Petilli?

139 3031 260 3097 Scilicet
279 3032 401 3097 oblitus
422 3033 601 3120 patriaeque
622 3033 790 3119 patrisque
813 3033 936 3120 Latini,

140 3165 214 3228 Cum
238 3166 360 3230 Pedius
383 3189 510 3231 caussas
533 3166 672 3231 exsudet
691 3166 858 3252 Poplicola
880 3178 978 3252 atque

140 3296 303 3376 Corvinus,
327 3297 441 3384 patriis
463 3298 679 3363 intermiscere
701 3298 803 3384 petita

93 3435 121 3484 30
140 3428 236 3494 Verba
258 3429 337 3494 foris
361 3430 464 3509 malis,
489 3430 654 3494 Canusini¹
668 3454 755 3495 more
776 3429 955 3518 bilinguis?

140 3562 233 3649 Atqui
255 3586 316 3650 ego
338 3585 412 3626 cum
436 3564 573 3628 Grecos
591 3564 738 3642 facerem,
762 3576 857 3629 natus
880 3587 966 3629 mare
989 3566 1082 3643 citra,

140 3694 333 3770 Versiculos3
357 3696 461 3761 vetuit
484 3698 540 3762 tali
564 3720 614 3762 me
637 3721 715 3762 voce
738 3698 892 3776 Quirinus

139 3829 211 3893 Post
233 3829 371 3897 mediam
395 3843 520 3896 noctem
542 3833 642 3909 visus,
666 3855 741 3897 cum
764 3833 887 3898 somnia
906 3856 1000 3897 vera:

139 3961 179 4024 Iu
202 3962 315 4028 silvam
338 3986 403 4028 non
425 3965 515 4050 ligna
535 3964 619 4028 feras
641 3965 795 4044 insanius,
819 3989 855 4029 ac
879 3965 906 4028 si

88 4101 117 4152 35
139 4093 274 4180 Magnas
297 4095 485 4167 Graecorum
507 4097 602 4166 malis
623 4098 744 4184 inplere
767 4110 917 4162 catervas.

139 4226 304 4315 Turgidus
327 4229 465 4316 Alpinus
484 4230 616 4317 jugulat
639 4230 925 4307 dum'Memnona,
951 4230 1096 4317 dumque

261 4448 265 4456 .
305 4422 328 4453 ν.
339 4406 378 4454 27.
394 4405 586 4464 vualnas.
790 4407 967 4467 32.Mn.rrn1.
