2844 5130
416 497 767 563 EPISTULARUM
799 495 974 576 Lrn.1‚7.

200 696 348 761 Strenuus
371 707 404 762 et
425 694 530 775 fortis,
555 696 737 785 caussisque
761 696 933 785 Philippus
954 695 1087 784 agendis
1185 708 1189 713 ’

199 827 316 908 Clarus,
342 829 383 895 ab
405 828 520 897 officiis,
538 841 682 896 octavam
706 829 829 895 circiter
851 828 963 895 horam

198 960 280 1027 Dum
303 962 399 1043 redit,
423 973 522 1051 atque
544 963 615 1028 foro
637 963 771 1028 nimium
793 962 912 1029 distare
936 963 1070 1028 Carinas

197 1092 265 1159 Jam
287 1095 419 1185 grandis
441 1108 520 1161 natu
544 1097 710 1183 queritur;
736 1097 913 1184 conspexit,
937 1107 975 1161 ut
997 1097 1099 1174 aiunt,

137 1226 175 1279 50
198 1225 350 1294 Adrasum
373 1228 533 1318 quendam
556 1251 658 1295 vacua
680 1230 815 1294 tonsoris
836 1228 872 1293 in
895 1229 1009 1295 umbra

200 1335 334 1428 Cultello
356 1362 502 1450 proprios
524 1373 716 1451 purgantem
739 1363 853 1427 leniter
876 1362 1004 1450 unguis.

199 1490 346 1574 Demetri,
372 1496 468 1583 (puer
490 1495 629 1562 hicnon
651 1497 732 1560 lae've
745 1496 842 1583 jussa
864 1494 1009 1582 Philippi

197 1624 390 1716 decipiebat)
415 1628 480 1706 abi,
504 1651 625 1715 quaere,
648 1639 680 1692 et
702 1627 805 1702 refer;
831 1628 917 1693 unde
939 1626 1045 1704 domo,
1069 1626 1152 1715 quis,

196 1756 295 1848 Cujus
318 1760 469 1839 fortunae,
493 1783 559 1847 quo
583 1761 624 1825 sit
646 1762 749 1847 patre,¹
773 1784 877 1850 quove
898 1772 1043 1848 patrono.

134 1874 168 1932 ⁵5
188 1884 235 1968 It,
258 1891 355 1972 redit,
379 1905 411 1958 et
433 1904 554 1971 narrat,
577 1893 740 1958 Volteium
763 1893 890 1958 nomine
913 1894 1056 1971 Menam,

181 2019 385 2103 Praeconem,
410 2027 498 2090 tenui
521 2049 629 2105 censu,
654 2027 720 2091 sine
742 2026 872 2091 crimine
895 2037 1019 2105 natum,

178 2151 236 2220 Et
258 2181 430 2251 properare
451 2159 522 2224 looo
536 2172 577 2225 -et
600 2183 731 2238 cessare,
755 2173 788 2224 et
810 2180 953 2247 quaerere
975 2172 1009 2224 et
1030 2160 1092 2238 uti,
1134 2184 1140 2218 .‘

184 2287 393 2356 Gaudentem
416 2291 588 2379 parvisque
609 2292 773 2358 sodalibus
796 2304 833 2357 et
850 2295 917 2359 lare
939 2304 1043 2372 curto,

187 2416 236 2486 Et
257 2423 345 2488 ludis
368 2436 400 2489 et
422 2436 496 2513 post
518 2424 624 2490 decisa
645 2425 774 2511 negotia
790 2426 930 2514 ‘Campo

195 2550 305 2622 Scitari
328 2556 408 2622 libet
430 2581 470 2623 ex
491 2558 574 2644 ipso,
599 2557 827 2647 quodcumque
849 2559 958 2624 refers
982 2558 1034 2623 dic
1093 2596 1097 2603 ·

190 2681 237 2755 td
262 2711 375 2754 cenam
398 2690 513 2755 veniat.
537 2713 601 2756 nou
625 2714 699 2756 sane
721 2690 849 2757 credere
872 2691 993 2756 Mena:

181 2809 307 2890 Mirari
329 2845 437 2889 secum
460 2823 585 2888 tacitus.
610 2823 690 2912 quid
712 2824 853 2892 multa?¹
875 2825 1041 2911 ··Benigue,

168 2937 384 3044 Respondet.
431 2956 537 3043 Neget
559 2955 614 3020 ille
637 2955 750 3021 mihi?
768 3000 771 3007 ·
786 2957 893 3044 Negat
914 2956 1084 3045 inprobus,
1099 2968 1140 3019 ct
1164 2968 1196 3019 te

159 3069 354 3178 Neglegit,
377 3102 434 3154 aut
457 3087 575 3153 horret.
622 3089 786 3154 Volteium
809 3112 901 3155 mane
924 3088 1108 3178 Philippus,

152 3202 273 3290 Vilia
295 3222 483 3287 vendentem
507 3222 651 3287 tunicato
668 3204 782 3288 ‘scruta
803 3223 943 3311 popello,

148 3349 347 3444 Occupat,
363 3367 403 3420 et
427 3357 547 3420 salvere
566 3356 661 3443 jubet
683 3355 780 3443 prior.
805 3355 860 3421 ille
883 3355 1037 3443 Philippo

151 3474 353 3558 Rxousare
375 3489 517 3554 laborem
540 3501 572 3554 et
595 3489 787 3554 mercenaria
809 3489 925 3567 vincla,

160 3623 284 3704 Quod
306 3644 370 3686 non
393 3643 485 3687 mane
507 3621 639 3686 domum
662 3620 817 3696 venissen
843 3621 980 3709 denique
1003 3623 1090 3709 quod
1114 3646 1177 3687 non

168 3749 386 3820 Providisset
409 3776 492 3820 eum.
540 3754 593 3818 Sic
614 3754 774 3841 ignovisse
797 3766 912 3842 putato

87 3854 114 3906 δ
174 3883 246 3952 Me
268 3887 342 3963 tibi,
366 3889 392 3952 si
416 3910 508 3952 cenas
530 3886 626 3952 hodie
648 3910 782 3953 mecum.
830 3890 880 3954 Ut
901 3890 989 3955 libet.
1037 3891 1129 3978 Ergo

189 4022 269 4086 Post
291 4040 409 4085 nonam
430 4018 555 4085 venies:
590 4043 676 4085 nunc
698 4021 722 4098 i,
746 4044 812 4086 rem
837 4035 985 4086 strenuus
1007 4044 1099 4109 auge.

191 4154 238 4219 Ut
261 4165 395 4219 ventum
417 4153 459 4218 ad
482 4153 590 4218 cenam
613 4165 680 4228 est3
717 4153 862 4231 dicenda,
887 4153 1021 4219 tacenda
1042 4155 1170 4220 locutus

194 4285 339 4353 Tandem
362 4287 538 4351 dormitum
561 4287 743 4355 dimittitur.
768 4286 820 4350 hic
843 4286 900 4351 ubi
924 4308 1008 4383 saepe

283 4461 308 4495 v.
317 4445 356 4494 56.
371 4445 446 4504 Vulg.
462 4445 565 4493 Noram.
681 4445 720 4491 58.
736 4443 829 4492 Craro.
945 4445 984 4493 63.
1000 4444 1098 4493 Nrorr.

674 4557 691 4596 1³
703 4546 721 4597 Ω

1218 491 1285 576 227
