2844 5130
488 435 765 520 Q.'H01tAT11
785 435 975 509 ‘PLA‘CCI

342 626 344 631 ¹
383 643 497 707 Motus
518 642 627 709 doceri
649 644 770 732 gaudet
788 644 934 711 lonicos'

326 801 331 818 ¹
382 775 514 842 Matura
540 740 643 863 virgo,
668 787 700 842 et
721 775 1023 864 fingituoaetibus:

425 910 449 971 J
451 929 503 972 am
514 895 616 975 'nuno
634 920 667 973 et
689 906 970 976 incestos'amores

472 1041 525 1106 De
546 1052 658 1107 tenero
678 1041 854 1109 meditatur
866 1043 989 1132 u'ngui.

317 1189 357 1240 25
382 1178 465 1241 Mox
485 1178 629 1265 juniores
652 1177 770 1266 quaerit
792 1177 957 1244 adulteros

382 1311 475 1380 Inter
497 1274 604 1376 mariti
626 1312 718 1376 vina:
751 1309 856 1401 neque
878 1312 980 1400 elig‘t,

428 1444 492 1509 Cui
515 1443 612 1509 donet
634 1444 823 1533 inpermissa
844 1446 963 1532 raptim

475 1576 606 1643 Gaudia
626 1574 805 1643 luminibus
826 1577 974 1644 remotis:

383 1712 447 1780 Sed
457 1757 462 1768 ·
465 1708 558 1802 jussa
579 1708 686 1780 boram
708 1682 773 1778 non
795 1711 864 1778 sine
886 1712 1012 1778 conscio

318 1857 357 1909 30
381 1845 495 1934 Surgit
508 1840 651 1921 'marito3
677 1867 739 1912 eeu¹
756 1844 1011 1924 voeat'institou

427 1979 613 2044 Semnavls·
627 1973 786 2068 Hispunae
803 1973 971 2067 magister,

473 2108 678 2176 Dedecorum
700 2079 861 2199 pretiosus
883 2109 994 2176 erirtor.

296 2263 303 2277 ·
376 2244 457 2308 ‘Non
479 2242 530 2309 his
548 2243 705 2331 juventus
727 2256 799 2309 orta
817 2241 1004 2332 parentibus

382 2370 502 2441 Infecit
518 2367 636 2462 'sequor
660 2378 815 2465 sanguine
834 2375 1001 2450 'Punioor
1022 2402 1024 2407 ’

318 2521 355 2573 35
425 2508 666 2597 Pyrrhumque,
691 2520 723 2574 et
745 2505 907 2596 ingentem
931 2504 1045 2574 cecidit

471 2641 678 2721 Antiochum,
703 2638 986 2730 Hannibulemque
1009 2639 1135 2706 dirum:

381 2770 662 2848 Sedrusticornni
685 2777 827 2842 mascula
848 2774 989 2841 militum

382 2910 515 2990 Proles,
531 2901 667 2976 Sabellis
689 2911 786 2976 docta
807 2909 970 2999 ligonibus

425 3031 560 3108 Versarb
582 3043 704 3131 glebas,
727 3034 901 3108 et'aeverae

317 3188 356 3238 40
471 3167 590 3241 Matris
613 3176 655 3240 ad
678 3173 849 3241 arbitrium
872 3175 988 3240 recisos

329 3367 336 3380 ,
381 3300 516 3376 Portare
537 3302 653 3386 fustis3
679 3302 726 3375 sol
750 3310 807 3377 ubi
829 3309 987 3375 montium

258 3451 260 3455 ’
379 3413 528 3512 Mutaret
544 3432 693 3524 umbras,
715 3457 749 3512 et
768 3447 851 3534 juga
873 3446 1014 3511 demeret

425 3578 537 3645 Robus
559 3563 714 3679 iutigttis,
727 3569 877 3645 'amicum

471 3683 621 3800 Tempus
641 3700 738 3801 agens
761 3713 899 3795 abeunte
922 3700 1030 3779 ourru.

316 3858 353 3911 45
379 3847 544 3911 Damnosa
563 3845 647 3933 'quid
669 3852 732 3913 rio'n
754 3847 906 3913 inminuit
929 3833 1022 3913 illes?

380 3981 475 4045 AEtas
497 3986 679 4068 parentum,
704 3983 795 4071 'pejor
817 3981 897 4061 avis,
922 3982 998 4047 tulit

426 4114 494 4176 Nos
516 4097 698 4201 nequiores,
722 4093 797 4180 mox
822 4115 954 4180 daturos

471 4248 659 4335 Progeniem
684 4249 886 4314 vitiosiorem.
