2828 5122
478 467 669 535 EPODON
702 467 860 532 LIBER.

618 826 696 901 .X.

546 1023 587 1071 IN
613 1022 796 1072 MAEVIUM.

259 1182 384 1265 Mans
408 1152 519 1265 soluta)
535 1201 626 1265 navis
648 1200 716 1265 exit
739 1200 815 1264 alite

303 1336 424 1399 Ferens
445 1334 582 1398 olentem
607 1333 775 1398 Maevium.

258 1469 307 1532 Ut
329 1466 467 1533 horridis
490 1478 667 1552 utrumque
690 1466 837 1531 verberes
860 1465 956 1541 latus,

302 1600 432 1676 Auster,
456 1608 614 1663 memento
636 1595 799 1662 fluetibus.

218 1744 234 1796 5
258 1731 359 1819 Niger
382 1724 533 1795 rudentes
556 1731 677 1807 Eurus,
701 1724 834 1792 inverso⁴
852 1728 944 1806 mari,

303 1863 503 1949 Fractosque
524 1884 628 1926 remos
650 1858 787 1924 differat.

260 1994 413 2081 Insurgat
436 1993 567 2080 Aquilo,
595 2003 736 2079 quantus
758 1990 833 2055 altis
856 1990 1019 2055 montibus

305 2127 441 2214 Frangit
465 2126 629 2191 trementis
651 2125 747 2189 ilices.

164 2252 167 2257 ’
260 2259 328 2322 Nec
352 2257 441 2323 sidus
463 2269 534 2322 atra
556 2269 649 2323 nocte
672 2255 810 2321 amicum
833 2266 997 2345 appareat,

205 2403 238 2453 10
305 2391 378 2468 Qua
400 2389 502 2455 tristis
525 2388 626 2453 Orion
649 2388 754 2453 eadit:
816 2428 818 2434 ·

263 2521 426 2601 Quietiore
448 2542 506 2586 nec
528 2523 652 2586 feratur
675 2544 804 2608 oequore

294 2645 412 2734 'Quam
436 2655 537 2720 Graia
560 2652 718 2719 victorum
742 2677 875 2730 manus3

263 2789 346 2852 Cum
372 2787 480 2852 Pailas
503 2798 577 2851 usto
599 2786 698 2852 vertit
719 2787 800 2852 iram
824 2787 865 2852 ab
889 2788 953 2852 Ilio

307 2920 349 2985 In
371 2918 493 3007 inpiam
517 2919 624 3007 Ajaeis
646 2932 757 2984 ratem.

127 3108 131 3116 ,
207 3063 238 3114 15
263 3051 291 3115 0
316 3064 458 3139 quantus
480 3050 579 3117 instat
602 3052 719 3116 navitis
743 3051 840 3117 sudor
864 3053 940 3130 tuis,

308 3182 457 3270 Tibique'
474 3184 578 3269 pallor
601 3183 720 3262 luteus,

264 3317 309 3380 Et
331 3314 389 3380 illa
411 3308 478 3380 non¹
499 3315 600 3380 virilis
623 3316 766 3404 ejulatio,

310 3448 425 3512 Preoes
448 3459 480 3512 et
502 3470 650 3513 aversum
673 3448 715 3513 ad
737 3449 875 3522 Jovem;

264 3581 377 3647 Ionius
399 3581 465 3645 udo
487 3604 561 3647 eum
584 3581 765 3669 remugiens
789 3583 877 3646 sinus

205 3728 242 3779 20
310 3716 399 3779 Noto
421 3715 562 3779 carinam
585 3715 719 3801 ruperit.

266 3848 385 3937 Opima
407 3845 495 3934 quod
520 3847 546 3910 si
569 3845 680 3933 praeda
702 3869 802 3910 curvo
825 3847 918 3911 litore

311 3981 461 4069 Projecta
483 4003 608 4068 mergos
627 3981 770 4069 juveris3

266 4114 476 4180 Libidinosus
498 4113 707 4181 inmolabitur
730 4136 836 4202 caper,

310 4250 356 4315 Et
380 4271 464 4337 agna
487 4246 759 4334 Tempestatibus.

464 4439 486 4470 v.
496 4422 535 4470 22.
552 4421 625 4480 Vulg.
640 4421 782 4477 Ponancm.
