2828 5122
338 512 346 528 ’
380 491 653 556 CARMINUM
685 492 762 557 Lrs.
781 494 840 557 IV.

574 816 646 890 VI.

448 1036 500 1084 AD
530 1036 771 1086 APOLLINEM.

263 1193 382 1290 Drvn,
406 1235 502 1299 quem
524 1215 630 1301 proles
653 1214 778 1278 Niobea
800 1236 923 1302 mugnae

261 1345 427 1410 Vindicem
450 1346 581 1434 lingum,
607 1347 789 1435 Tityosque
811 1359 921 1434 raptor

262 1479 377 1558 Sensit,
401 1491 433 1544 et
457 1481 568 1569 Trojae
590 1503 691 1568 prope
714 1481 816 1546 victor
839 1481 912 1545 altae

351 1611 490 1676 Phthius
514 1613 663 1689 Achilles,

139 1749 145 1759 '
219 1755 237 1811 5
262 1745 385 1808 Ceteris
407 1745 519 1831 major,
544 1745 604 1810 tibi
627 1744 716 1808 miles
738 1745 850 1832 inpar;

262 1877 365 1941 Filius
388 1879 535 1964 quamvis
559 1877 707 1942 Thetidis
729 1879 860 1943 marinae

261 2009 439 2075 Dardanas
452 2013 551 2076 turris
574 2022 720 2097 quateret
743 2012 906 2077 tremenda

351 2144 493 2231 Cuspide
516 2167 658 2233 pugnax.

262 2277 334 2356 Ille,
359 2277 500 2342 mordaci
523 2278 613 2343 velut
635 2280 700 2343 icta
721 2279 807 2343 ferro

200 2421 236 2471 10
260 2409 374 2488 Pinus,
398 2420 455 2473 aut
477 2409 607 2498 inpulsa
629 2434 798 2499 cupressus
819 2435 908 2490 euro,

260 2541 404 2606 Procidit
426 2542 502 2619 late,
525 2544 698 2631 posuitque
721 2544 839 2608 collum
862 2545 894 2608 in

351 2673 488 2738 Pulvere
513 2675 652 2739 Teucro.

260 2806 322 2869 Ille
344 2829 408 2870 non
430 2807 573 2871 inclusus
595 2829 679 2894 equo
704 2808 862 2873 Minervae

261 2939 358 3003 Sacra
379 2939 524 3017 mentito,
548 2940 630 3004 male
652 2939 782 3005 feriatos

199 3084 235 3137 15
260 3073 365 3136 Troas
387 3084 419 3136 et
442 3073 548 3138 laetam
571 3072 694 3137 Priami
716 3074 838 3138 choreis

350 3205 489 3270 Falleret
513 3206 639 3279 aulam;

260 3337 324 3402 Sed
346 3338 452 3425 palam
475 3339 577 3426 captis
599 3338 718 3426 gravis,
741 3338 804 3402 heu
829 3338 918 3403 nefas
940 3338 1024 3403 heu!

259 3470 391 3535 Nescios
413 3470 475 3535 fari
498 3494 615 3559 pueros
638 3471 768 3535 Achivis

180 3613 185 3622 ’
260 3604 378 3668 Ureret
401 3603 548 3683 flammis,
571 3604 667 3669 etiam
689 3606 841 3669 latentem

196 3749 235 3801 20
350 3737 468 3801 Matris
490 3738 525 3802 in
548 3738 638 3838 alvo:

258 3851 302 3932 N'i
326 3870 390 3933 tuis
413 3870 516 3934 flexus
542 3870 738 3958 Venerisque
760 3882 862 3959 gratae

257 4002 398 4098 Vocibus
421 4002 541 4066 Divom
564 4014 656 4091 pater
679 4002 842 4066 adnuisset

260 4134 372 4198 Rebus
396 4135 509 4198 AEneae
531 4134 655 4222 potiore
678 4134 792 4200 ductos
910 4146 914 4153 '

349 4267 433 4331 Alite
456 4290 573 4331 muros.

282 4447 355 4497 v.19.
372 4445 446 4507 Vulg.
463 4445 597 4495 Lsrnurrs.
773 4446 811 4495 21.
828 4445 919 4495 Vrcrus
