2828 5122
511 487 603 550 Ans
635 485 856 551 POETICA.
923 496 925 499 '

187 682 317 747 Dixeris
339 683 611 770 egregianotum
636 687 662 750 si
684 686 799 751 callida
821 687 955 751 verbum
1024 681 1028 687 ’

186 815 377 882 Reddiderit
395 817 551 905 junctura
572 819 701 884 novum.
720 821 752 884 'si
775 819 1005 884 forte-necesse
1027 829 1075 882 est

187 947 322 1014 Iudiciis
344 965 519 1031 monstrare
541 951 721 1016 recentibus
743 951 854 1016 abdita
876 973 1002 1024 rerum;

123 1092 162 1143 50
175 1081 324 1170 *Fingere
347 1082 495 1148 cinctutis
517 1085 581 1148 non
602 1084 755 1149 exaudita
777 1083 929 1171 Cethegis
1024 1081 1052 1135 ,“

186 1213 378 1302 Continget:
403 1214 597 1303 dabiturque
619 1215 747 1281 lieentia
769 1227 875 1280 sumta
896 1182 1063 1303 pudenter.

185 1344 232 1409 Et
255 1369 339 1410 nova
360 1346 509 1433 factaque
532 1369 635 1434 nuper
657 1347 942 1426 habebuntverba
964 1345 1131 1422 fidem-si

187 1477 303 1542 Graeco
321 1478 414 1542 'fonte
437 1479 561 1557 cadent,
585 1502 680 1567 parce
703 1479 837 1545 detorta.
861 1479 942 1566 quid
964 1492 1072 1544 autem

186 1610 316 1674 Caecilio
339 1611 521 1698 Plautoque
543 1612 632 1678 dabit
657 1614 835 1692 Romanus,
858 1613 1021 1678 ademtum

123 1752 161 1806 55
185 1742 321 1830 Virgilio
345 1744 527 1831 Varioque?
557 1768 617 1832 ego
640 1767 697 1809 eur
720 1745 1025 1833 adquirere-pauca,

188 1874 222 1938 Si
247 1897 389 1961 possum,
412 1875 581 1941 invideor?
611 1874 683 1967 cum
708 1877 819 1965 lingua
842 1877 1036 1942 Catoniset.
1052 1877 1139 1940 Enni

188 2008 370 2079 Sermonem
393 2008 533 2096 patrium
557 2010 717 2087 ditaverit,
741 2020 773 2075 et
792 2031 879 2073 >nova
900 2029 1007 2074 rerum

185 2139 325 2204 Nomina
346 2141 526 2228 protulerit.
550 2141 652 2220 licuit,
677 2163 863 2229 semperque
884 2141 993 2206 licebit
1016 2163 1017 2166 ’

187 2272 356 2361 Signatum
377 2273 535 2361 praes'ente
557 2275 830 2362 nota-procudere
851 2297 1028 2339 nummum.
1079 2325 1081 2327 .

124 2410 163 2471 60
186 2407 235 2472 Ut
259 2406 445 2472 silvisfolia
467 2407 765 2496 privospmutantur
787 2407 961 2482 in⁴annos3

188 2538 304 2603 Prima'.
319 2538 459 2604 cadunt:
483 2541 529 2605 ita
551 2541 723 2606 verborum
745 2554 838 2606 vetus
861 2539 976 2605 interit.
994 2550 1082 2618 aetas,

126 2697 130 2700 ·
188 2671 234 2736 Et
252 2671 410 2759 juvenum
433 2672 499 2735 ritu
521 2671 635 2736 florent
658 2671 753 2736 modo
776 2683 852 2736 nata
873 2671 1056 2758 vigentque.

187 2803 351 2869 Debemur
374 2804 470 2868 morti
493 2827 560 2882 nos,'
584 2815 773 2889 nostraque:
800 2803 869 2867 sive·
888 2805 1044 2888 receptus.

190 2936 293 3000 Terra
315 2936 488 3024 Neptunus
511 2935 618 3000 classis
640 2934 855 3023 Aquilonibus
877 2944 984 3010 arcet.

126 3073 163 3134 65
188 3062 289 3155 Regis
310 3091 410 3156 opus;
437 3067 590 3132 sterilisve
612 3069 706 3156 palus
728 3068 818 3155 prius
840 3066 1095 3155 aptaqueremis

187 3200 314 3265 Vicinus
337 3199 428 3264 urbis
449 3198 517 3277 alit,
541 3211 573 3264 et
595 3222 693 3288 grave
710 3199 811 3264 'sentit
834 3211 993 3263 aratrum:

190 3335 252 3398 Seu
276 3321 404 3397 cursum
427 3332 565 3397 mutavit
588 3332 735 3419 iniquum
758 3332 908 3420 frugibus
930 3331 1042 3410 amnis,

190 3467 317 3531 Doctus
336 3465 399 3530 iter
422 3465 554 3547 melius:
579 3464 725 3529 mortalia
747 3464 1056 3553 cunetaiperibuutss

117 3602 119 3604 ’
190 3598 319 3682 Nedum
343 3619 521 3662 sermonum
546 3609 612 3662 stet
629 3597 740 3678 houm,
764 3609 797 3661 et
814 3597 923 3686 gratia
944 3597 1050 3661 vivax.

124 3744 162 3804 7⁰
186 3731 297 3796 Multa
319 3741 539 3808 renascentum·
558 3753 631 3817 quae
650 3728 900 3816 jam'oecidere3
925 3729 1127 3816 cadentque.

191 3866 272 3944 Quae
292 3885 379 3928 nunc
403 3862 533 3927 suntin
555 3861 869 3938 honorevooabula:
895 3862 922 3926 si
945 3863 1142 3939 voletusus,

192 3997 293 4074 Quem
315 3995 423 4082 penes..
434 3992 604 4058 arbitrium
620 3999 687 4074 est,
710 4003 742 4058 et
760 3994 827 4081 jus3
851 4006 883 4058 et
905 4015 1023 4074 norma:
1036 3993 1198 4081 loquendi.

192 4129 258 4192 Res
280 4137 379 4215 gestae
401 4128 588 4213 regumque
600 4125 794 4213 ducumque,
818 4136 850 4190 et
872 4125 977 4203 tristia
997 4125 1083 4190 bella

218 4363 242 4395 v.
252 4347 291 4394 52.
308 4345 380 4405 Vulg.
397 4345 480 4392 me.
538 4344 577 4392 59.
592 4344 745 4394 Pnonuoaar
756 4361 851 4394 nonan.
909 4345 948 4392 60.
964 4345 1044 4394 Srsva
1055 4362 1132 4395 ronna
1143 4359 1245 4394 rnouos.

253 4437 629 4488 65.STssmsouzmu1uma
855 4461 857 4474 τ
909 4437 948 4484 68.
964 4437 1045 4487 From
1061 4452 1192 4487 aramum.
