2844 5130
371 530 374 536 ·
445 496 717 565 SERMONUM
750 498 827 562 Lrn
846 499 894 564 11.
919 513 946 563 2.

149 707 178 768 95
197 696 334 782 Occupet
356 693 553 760 humanam?
585 690 722 782 grandes
744 697 881 777 rhombi,
905 696 1092 786 patinoeqne

198 828 320 894 Grande
342 829 452 893 ferunt
475 851 540 893 una
562 851 637 893 cum
659 829 776 894 damno
799 831 948 896 dedecus.
971 831 1054 897 adde

198 961 316 1024 iratum
339 972 506 1048 patruum,
530 961 662 1040 vicinos,
686 975 717 1026 te
734 962 800 1027 -tibi
823 963 983 1050 inimm,

196 1093 235 1156 Et
256 1093 380 1166 frustra
401 1092 513 1157 mortis
536 1092 712 1179 cupidum
745 1117 818 1159 cum
841 1095 943 1160 deerit
957 1098 1087 1182 egenti*

196 1225 243 1302 As,
267 1225 375 1312 laquei
397 1225 547 1312 pretinmt
594 1227 618 1287 J
621 1249 689 1303 ure,
713 1227 832 1315 inquit,
857 1228 1107 1294 Transius.·istis

139 1367 178 1418 100
195 1358 350 1444 surgatur
372 1357 496 1422 verbis:
532 1359 785 1446 ego'vectigalia
806 1383 934 1448 magna,

195 1489 328 1554 Divitias
351 1489 453 1554 habeo
477 1490 581 1555 tribus
604 1491 728 1578 amplus
748 1492 888 1579 regibus.
936 1493 1037 1583 Ergo,

196 1623 285 1700 Quod
310 1635 451 1711 superat,
474 1647 539 1688 non
561 1635 610 1688 est
632 1624 834 1712 meliusque
856 1626 1016 1692 insumere
1037 1630 1177 1716 possis?

196 1757 258 1821 Cur
280 1768 354 1844 eget
375 1757 529 1844 indignus
552 1759 734 1844 quisquam,
759 1771 791 1823 te
813 1760 936 1825 divite?
972 1785 1071 1850 quare
1138 1803 1142 1810 -

194 1888 327 1976 Templa
348 1901 450 1954 ruunt
472 1890 606 1977 antiqua
629 1891 763 1955 Derim?
775 1941 777 1945 >
794 1915 863 1970 cur,
886 1893 1031 1980 inprobe,
1056 1918 1150 1960 carae

136 2029 177 2081 105
194 2022 261 2087 Non
284 2024 408 2110 aliquid
431 2025 552 2111 patriae‘
567 2036 663 2088 tanto-
681 2025 819 2090 emetiris
838 2031 980 2090 acervo?
1001 2054 1003 2059 ·

194 2155 255 2220 Uni
277 2157 430 2222 nimirum
453 2156 514 2222 tibi
536 2170 621 2222 recte
645 2180 769 2245 semper
790 2170 869 2223 eunt
891 2182 952 2224 res.

196 2289 220 2352 0
241 2311 380 2377 magnus
400 2289 533 2376 posthac
556 2290 692 2355 inimicis
714 2290 820 2356 risus!
856 2304 979 2357 uterne·

194 2421 238 2484 Ad
260 2445 353 2487 casus
375 2421 491 2488 dubios
512 2422 591 2487 fidet
615 2423 676 2488 sibi
698 2424 840 2489 certius?
873 2424 925 2488 hic
949 2425 1006 2511 qui

195 2551 344 2618 Pluribus
366 2555 501 2619 assuerit
524 2567 662 2634 mentem
685 2578 866 2643 corpusque
890 2556 1084 2643 superbum
1147 2539 1156 2552 ἃ

137 2690 177 2744 110
194 2685 236 2751 An
260 2687 319 2775 qui
342 2700 510 2753 contentus
532 2712 635 2790 parvo¹
656 2700 865 2775 metuensque
886 2689 1003 2769 futuri,

195 2817 229 2884 In
250 2844 341 2909 pace,
365 2833 403 2885 ut
427 2822 560 2908 sapiens,
585 2824 705 2909 aptarit
727 2822 842 2887 idonea
863 2823 972 2890 bello?

195 2952 260 3029 Quo
283 2954 385 3042 magis
408 2953 459 3018 his
482 2955 611 3018 credas:
642 2977 724 3042 puer
746 2956 833 3020 hunc
855 2980 915 3044 ego
931 2979 1058 3042 ‚parvus
1082 2922 1223 3022 Ofellum

195 3082 329 3174 Integris
351 3085 468 3173 opibus
492 3087 567 3150 novi
590 3097 652 3150 non
676 3087 773 3151 latius
796 3111 902 3165 usum,

197 3217 293 3294 Quam
317 3241 402 3283 nunc
425 3218 544 3282 accisis
568 3218 677 3283 videas
696 3230 820 3283 ‘metato
842 3219 876 3282 in
900 3215 1004 3306 agello
1058 3246 1059 3266 2
1154 3298 1157 3307 Ι

140 3350 178 3405 115
196 3349 271 3415 Cum
286 3373 410 3438 vpecore
422 3361 464 3415 ⁴et
486 3351 592 3440 gnatis
615 3351 731 3416 fortem
755 3351 898 3415 mercede
922 3352 1081 3428 colonum,
1100 3367 1102 3370 ’

195 3481 266 3548 Non
290 3507 362 3571 ego,
386 3494 579 3562 narrantem,
603 3494 729 3548 temere·
744 3483 795 3547 edi
817 3484 890 3547 luce
912 3484 1055 3570 profesta

196 3617 380 3706 Quicquam,
403 3629 522 3706 praeter
544 3618 615 3683 olus
637 3619 771 3683 fumosae
793 3641 868 3683 curn
889 3619 970 3706 pede
987 3637 1113 3707 :perum

195 3749 234 3813 Ac
255 3751 336 3815 mihi
359 3773 414 3816 seu
437 3752 569 3838 longum
593 3762 666 3838 post
685 3763 817 3839 'tempus
840 3747 1150 3841 venerat-*hospescr'
1237 3794 1240 3804 ι

197 3880 262 3947 Sive
285 3905 419 3970 operum
442 3905 545 3948 vacuo
567 3895 680 3970 gratus
702 3885 840 3949 convive
859 3907 917 3971 per
936 3885 1091 3950 imbrem-
1138 3902 1142 3932 ·'

138 4013 177 4067 lto
194 4011 336 4089 Vicinus3
362 4015 443 4080 bene
466 4026 545 4093 erat,
569 4038 642 4079 non¹
656 4016 799 4104 piscibus
822 4017 902 4080 urbe
924 4017 1046 4103 petitis,

196 4145 250 4212 Sed
272 4148 366 4235 pullo
388 4159 486 4235 atque
509 4144 624 4212 hoedo:
658 4159 728 4213 tum
737 4148 883 4235 :pensilis
904 4170 968 4212 uva
992 4150 1148 4214 secundas

270 4381 293 4412 v.
304 4364 343 4411 95.
359 4362 434 4422 vulg.
451 4363 575 4412 Occurcr.
827 4364 865 4410 99.
881 4364 977 4422 luctus,
993 4364 1110 4413 Tausius.

296 4455 346 4501 106.
356 4453 446 4500 Rncrn
456 4471 515 4502 run.
525 4469 617 4513 semper
628 4469 719 4501 nnus-r.
820 4455 870 4501 na.
885 4454 922 4506 Ac
931 4471 964 4502 m.
976 4471 1037 4503 cun.
