2844 5130
437 504 709 570 snnnouun
741 457 819 568 nm.
837 503 886 567 11.
908 512 939 566 o.

190 706 372 769 Porrectum
395 727 513 792 magno
536 726 688 792 magnum
713 714 856 790 spectare
879 702 986 766 catino

143 849 171 901 to
189 840 317 917 Vellem,
339 838 386 916 ait
411 838 569 927 Harpyiis
592 837 670 926 gula
690 837 792 923 digna
813 836 994 923 rapacibus.
1018 844 1053 900 at
1076 857 1132 898 vos

180 971 373 1048 'Praesentem
397 970 521 1050 Austri,
545 971 674 1057 coquite
696 971 812 1035 horum
834 969 975 1034 obsonia.
1000 991 1197 1056 quamquam

190 1105 282 1168 Putet
303 1125 383 1189 aper
405 1074 625 1189 rhombusque
647 1124 767 1182 recens,
788 1102 875 1165 mala
895 1100 989 1188 copia
1011 1100 1142 1188 quando

191 1235 327 1324 AEgrum
350 1234 501 1299 sollicitat
525 1235 742 1309 stomachum
769 1257 843 1299 oum
866 1233 981 1322 rapula
1001 1233 1118 1320 plenus

190 1369 290 1454 Atque
314 1366 422 1432 acidas
444 1367 565 1432 mavolt
587 1367 701 1431 inulas.
725 1354 862 1432 necdum
884 1365 989 1431 omnis
1010 1365 1124 1430 abacta

144 1509 172 1560 45
190 1500 360 1588 Pauperies
382 1499 488 1587 epulis
510 1521 642 1586 regum:
667 1521 742 1563 nam
763 1498 883 1564 vilibus
907 1499 987 1575 ovis,

190 1632 362 1719 Nigrisque
385 1641 433 1696 est
454 1630 533 1696 oleis
554 1631 651 1696 hodie
672 1632 771 1695 locus.
794 1630 885 1695 haud
906 1631 954 1695 ita
975 1629 1100 1718 pridem
1189 1683 1191 1687 .

192 1763 316 1828 Galloni
337 1764 495 1851 praeoonis
515 1776 587 1829 erat
608 1764 788 1853 acipensere
811 1785 919 1828 mensa

192 1896 330 1960 Infamis.
356 1897 461 1985 quid?
491 1909 563 1962 tum
584 1898 736 1963 rhombos
758 1897 866 1961 minus
889 1919 1021 1983 aequora
1042 1896 1195 1961 alebant?

192 2028 297 2094 Tutus
319 2040 390 2094 erat
411 2029 577 2109 rhombus,
601 2042 739 2117 tutoque
760 2029 883 2095 ciconia
904 2029 1000 2105 nido;

147 2167 175 2220 50
192 2161 298 2226 Donec
315 2185 379 2226 vos
399 2173 514 2227 auctor
536 2162 648 2227 docuit
670 2164 851 2251 praetorius.
875 2186 953 2251 ergo

195 2293 319 2381 Siquis
341 2317 429 2359 nuno
451 2317 577 2383 mergos
600 2296 707 2361 suavis
728 2295 865 2361 edixerit
887 2297 994 2370 assos;

194 2424 320 2490 Parebit
340 2427 433 2514 pravi
457 2427 570 2492 docilis
593 2429 741 2530 quana
758 2429 925 2515 juventus.

196 2558 345 2626 Sordidus
365 2584 388 2626 a
407 2562 500 2626 tenui
521 2562 611 2627 viotu
634 2561 780 2640 distabit,
803 2562 912 2628 Ofello

196 2691 316 2758 iudice.
338 2716 414 2776 nam
435 2695 559 2760 frustra
580 2693 697 2758 vitium
719 2694 870 2759 vitaveris
892 2694 994 2769 illud;

150 2825 177 2878 55
197 2822 226 2889 Si
246 2837 279 2890 te
301 2825 366 2890 alio
386 2848 510 2914 pravus
532 2826 710 2891 detorseris.
757 2827 946 2904 Avidienus,

197 2955 254 3022 cui
276 2958 377 3023 Canis
396 2981 438 3042 ex
461 2982 539 3023 vero
561 2958 696 3024 ductum
719 2983 896 3047 oognomen
917 2959 1072 3038 adbaeret,

196 3087 414 3178 Quinquennis
435 3091 521 3156 oleas
543 3102 603 3163 est,
626 3103 659 3156 et
682 3091 839 3156 silvestria
861 3114 978 3165 eoma3
1066 3126 1069 3131 ·

192 3217 248 3300 Ac,
270 3221 335 3293 nisi
354 3233 531 3313 mutatum,
552 3224 658 3311 parcit
680 3221 856 3288 detrudere
877 3223 1009 3297 vinum3
1033 3235 1067 3286 et

193 3351 296 3440 Cujus
315 3352 448 3418 odorem
469 3355 533 3419 olei
554 3377 695 3442 nequeas
715 3354 858 3442 perferre
882 3353 1007 3436 (licebit

136 3469 169 3530 ⁶⁰
191 3478 253 3550 Ille
274 3486 411 3574 repotia,
432 3488 560 3565 natalis,
583 3487 702 3552 aliosve
723 3487 849 3552 dierum

192 3615 306 3684 Festos
320 3619 457 3686 albatus
477 3621 632 3700 celebret)
656 3642 757 3684 cornu
778 3620 848 3707 ipse
869 3619 979 3684 bilibri

195 3751 351 3817 Cauhbus
371 3753 518 3831 inatsslat,
541 3755 658 3818 veteris
680 3776 745 3818 non
767 3776 885 3842 parcus
906 3753 996 3817 aoeti.

197 3883 289 3960 Quali
310 3885 414 3973 igitur
433 3886 525 3950 victu
547 3885 673 3973 sapiens
695 3897 818 3963 utetur,
841 3897 874 3950 et
896 3884 1012 3948 borum

196 4014 316 4081 Utrum
336 4016 544 4082 imitabitur?
571 4017 632 4081 bae
654 4031 774 4105 urguet
794 4017 906 4104 lupus,
929 4015 990 4079 hac
1011 4016 1110 4092 mnis,
1133 4016 1234 4080 aiunt.

148 4135 180 4202 ⁶5
194 4147 342 4242 'Mundus
364 4150 437 4228 erit,
460 4173 527 4237 qua
548 4173 612 4214 non
634 4149 778 4215 offendat
800 4148 959 4225 sordibus,
982 4160 1082 4237 atque

199 4279 234 4344 In
257 4293 407 4347 neutram
428 4295 553 4368 partem
576 4283 686 4347 cultos
708 4283 811 4346 miser.
835 4281 888 4346 hic
910 4303 1015 4369 noque
1037 4283 1147 4359 servis,

222 4457 293 4502 udo.
310 4455 384 4514 vulg.
401 4456 500 4507 Karou
518 4471 620 4503 attan.
691 4455 732 4503 56.
747 4454 868 4505 Purus.
940 4458 980 4504 65.
995 4459 1045 4514 Qut
1062 4473 1111 4531 aon
1126 4470 1254 4503 onnon.
