2828 5122
398 514 747 578 nrrsronnnuu
764 483 924 595 'no-11.
948 525 976 574 ρ.
1211 508 1288 575 ms.

119 723 155 774 05
181 709 340 774 Obturem
362 711 490 795 patulas
512 710 632 797 inpune
654 709 835 797 legentibus
857 708 952 773 auris.

182 843 346 908 Ridentur
369 843 453 910 mala
475 840 532 928 qui
554 854 740 930 conponunt
759 841 917 906 earmina:
952 861 1065 904 verum

182 976 335 1043 Gaudent
358 976 541 1052 scribentes,
562 989 596 1041 et
619 999 652 1039 se
674 987 878 1051 venerantur,
901 985 933 1038 et
957 972 1065 1048 ultro,

183 1111 217 1173 Si
241 1122 357 1186 taceas,
381 1108 533 1184 laudant3
559 1108 715 1194 quioquid
738 1109 901 1194 scripsere,
924 1106 1019 1171 beati.

183 1243 227 1305 At
250 1242 308 1328 qui
330 1239 508 1328 legitimum
532 1240 640 1327 cupiet
662 1240 773 1304 fecisse
795 1247 921 1325 poema,
994 1247 995 1250 ’

125 1387 160 1438 10
184 1371 271 1438 Cum
294 1373 414 1437 tabulis
436 1372 578 1436 animum
600 1371 738 1436 oensoris
762 1383 865 1435 sumet
886 1369 1030 1434 honesti:

184 1509 327 1574 Audebit
349 1530 537 1595 qaecumque
559 1530 674 1594 parum
697 1507 874 1594 splendoris
895 1505 1072 1583 habebunt,

184 1645 231 1708 Et
255 1644 322 1706 sine
344 1641 484 1728 pondere
506 1653 611 1718 erunt,
634 1653 666 1706 et
689 1641 808 1705 honore
829 1641 963 1726 indigna
984 1640 1138 1714 ferentur,

186 1779 293 1843 Verba
315 1799 441 1840 movere
462 1777 551 1849 loco;
577 1777 724 1861 quamvis
744 1776 847 1839 invita
869 1774 1029 1869 tenedum,

186 1914 233 1977 Et
257 1922 426 1975 versentur
448 1909 554 1973 adhuc
575 1909 660 1973 intra
682 1910 858 1996 penetralia
879 1911 1003 1974 vestae:

117 2058 162 2109 l15
186 2046 368 2110 Obscurata
389 2039 447 2106 diu
469 2042 591 2128 populo
612 2042 716 2106 bonus
738 2054 841 2119 eruet,
864 2053 963 2130 atque

189 2172 335 2236 Proferet
357 2171 392 2234 in
414 2170 518 2234 lucem
541 2169 681 2256 speciosa
703 2170 859 2247 vocabula
880 2186 1000 2246 rerum,

189 2307 270 2382 Quae
293 2303 405 2390 priscis
427 2313 600 2366 memorata
623 2302 801 2367 Catonibus
824 2316 921 2391 atque
945 2301 1097 2390 Cethegis
1215 2335 1221 2343 ·

190 2441 287 2503 Nunc
311 2437 391 2506 situs
412 2435 556 2500 informis
579 2436 695 2521 premit
717 2448 749 2499 et
772 2436 897 2500 deserta
919 2441 1078 2501 vetustas:
1132 2493 1134 2498 .
1231 2500 1235 2508 ,

192 2569 354 2634 Adscisoet
376 2589 471 2643 nova,
495 2589 569 2652 quae
591 2567 719 2651 genitor
741 2567 932 2652 produxerit
955 2591 1050 2633 usus:

117 2716 166 2768 120
190 2700 376 2777 Vehemens,
401 2711 433 2763 et
455 2696 610 2783 liquidus,
634 2718 781 2783 puroque
805 2698 984 2763 simillimus
1007 2701 1104 2776 amni,

193 2833 323 2899 Fundet
345 2854 433 2918 opes,
457 2831 654 2917 Latiumque
675 2829 795 2909 beabit
807 2830 908 2895 divite
929 2831 1059 2917 lingua:
1171 2892 1173 2894 .

191 2965 412 3032 Luxuriantia
433 2976 617 3050 conpesoet:
653 2963 748 3026 nimis
770 2986 882 3050 aspera
905 2986 981 3027 sano

193 3099 331 3164 Levabit
354 3098 464 3162 cultu:
498 3097 618 3160 virtute
641 3097 781 3161 carentia
804 3097 912 3161 tollet:
1019 3097 1020 3100 ’

197 3232 357 3298 Ludentis
381 3232 515 3319 speciem
539 3231 641 3312 dabit,
665 3244 697 3296 et
720 3232 945 3318 torquebitur,
959 3243 996 3295 ut
1018 3232 1077 3318 qui

117 3383 167 3433 125
193 3370 289 3431 Nunc
315 3367 479 3454 Satyrum,
503 3386 599 3428 nunc.
612 3377 767 3451 agrestem
793 3366 936 3454 Cyclopa
958 3375 1113 3429 movetur.

197 3497 400 3564 Proetulerim
424 3496 560 3582 scriptor
582 3495 702 3560 delir‘us
724 3497 872 3584 inersque
895 3496 1009 3574 videri,
1051 3534 1054 3548 1

196 3634 296 3705 Dum.
309 3653 379 3695 mea
401 3628 568 3692 delectent¹
581 3627 666 3692 mala
688 3651 749 3705 me,
773 3629 824 3692 vel
847 3629 985 3714 denique
1007 3628 1131 3710 fallant,

195 3767 300 3842 Quam
324 3784 445 3850 sapere,
469 3772 502 3824 et
524 3758 617 3846 ringi-
641 3760 706 3824 fuit
728 3760 816 3824 haud
838 3761 989 3850 ignobilis
1013 3761 1119 3848 Argis,

183 3898 260 3976 -Qui
285 3921 317 3962 se
340 3893 489 3961 credebat
512 3893 609 3956 miros
631 3893 743 3958 audire
766 3894 938 3982 tragoedos,

117 4046 171 4098 130
197 4032 237 4095 ln
261 4028 480 4103 vocuolaetus
504 4046 603 4089 sessor
626 4026 821 4113 plausorque
844 4027 985 4092 theatro:

197 4166 313 4228 Cetera
336 4161 394 4248 qui
410 4161 493 4224 'vitoe
516 4169 655 4222 servaret
677 4161 788 4223 munia
810 4171 895 4224 recto

198 4297 311 4368 More;
336 4295 440 4360 bonus
465 4313 545 4356 sane.
559 4288 694 4376 vicinus,
719 4291 863 4356 amabilis
886 4292 1013 4378 hospes,

199 4431 307 4495 Comis
330 4430 363 4494 in
388 4448 531 4514 uxorem,
556 4433 660 4510 posset
684 4425 751 4510 qui
764 4425 1058 4522 ignoscere-servis,

591 4683 596 4714 l
