2828 5122
413 479 765 545 nrrsroLAuuiu
797 460 874 544 im.
893 482 943 545 11.
971 495 996 544 1.
1234 484 1301 545 285

203 682 272 748 Sub
295 680 421 746 nutrice
444 681 554 769 puella
575 680 665 745 velut
689 682 715 745 si
737 680 863 745 luderet
885 681 1001 759 infans,

130 833 180 886 100
202 819 298 900 Quod
321 819 439 908 cupide
461 819 566 906 petiit,
590 830 715 884 mature
737 820 833 908 plena
854 819 996 906 reliquit.

203 954 292 1032 Quid
313 953 430 1040 placet,
454 964 511 1017 aut
533 952 608 1017 odio
630 963 689 1031 est,
714 953 802 1040 quod
825 976 889 1019 non
912 952 1068 1018 mutabile
1090 954 1224 1019 credas?

203 1086 278 1148 Hoc
300 1107 394 1171 paces
416 1083 556 1149 habuere
578 1084 684 1163 bonae,
708 1083 860 1172 ventique
883 1084 1023 1166 secundi.
1080 1103 1081 1106 ’

204 1217 317 1281 Romae
341 1217 435 1281 dulce
457 1216 515 1281 diu
538 1217 603 1281 fuit
625 1229 657 1281 et
681 1217 843 1295 sollemne,
867 1217 991 1282 reclusa

205 1351 304 1414 Mane
327 1349 422 1414 domo
445 1348 590 1436 vigilare,
614 1349 723 1414 clienti
746 1349 895 1436 promere
909 1351 1003 1438 jura:
1064 1327 1066 1335 ¹

124 1495 180 1547 105
204 1482 348 1570 Scriptus
371 1482 554 1547 nominibus
577 1483 672 1546 rectis
696 1483 875 1570 expendere
898 1504 1061 1549 nummos:

205 1615 348 1702 Majores
371 1614 494 1693 audire,
518 1613 634 1679 minori
656 1613 772 1694 dicere,
796 1638 854 1701 per
877 1639 951 1702 quae

207 1747 356 1811 Crescere
379 1769 429 1810 res
452 1757 570 1833 posset,
594 1745 695 1810 minui
718 1746 871 1811 damnosa
891 1746 1002 1812 libido.

207 1879 353 1943 Mutavit
376 1890 515 1943 mentem
538 1879 679 1967 populus
701 1878 792 1957 levis,
816 1891 848 1944 et
871 1879 952 1944 calet
976 1903 1042 1944 uno

208 2011 375 2077 Scribendi
398 2010 524 2076 studio:
549 2011 707 2099 puerique
729 2023 901 2099 patresque
925 2015 1026 2077 severi

128 2158 184 2209 110
206 2145 336 2209 Fronde
358 2167 464 2209 comas
487 2145 588 2209 vincti
611 2157 736 2224 cenant,
759 2157 792 2209 et
815 2145 956 2210 carmina
978 2147 1110 2212 dictant.

209 2279 285 2365 Ipse
308 2301 379 2365 ego,
404 2277 461 2364 qui
484 2277 591 2342 nullos
613 2301 665 2344 me
687 2278 821 2344 adfirmo
845 2278 980 2344 scribere
1002 2302 1125 2358 versus,

209 2411 361 2476 Iuvenior
384 2410 514 2474 Parthis
536 2411 736 2486 mendacior;
762 2423 795 2475 et
817 2412 908 2499 prius
931 2424 1003 2476 orto

210 2545 283 2609 Sole
305 2545 396 2632 vigil,
420 2545 578 2611 calamum
601 2555 633 2608 et
657 2544 784 2609 chartas
806 2557 839 2610 et
863 2547 978 2610 scrinia
999 2570 1105 2634 posco.

208 2680 331 2745 Navem
355 2702 449 2766 agere
471 2679 603 2766 ignarus
625 2679 716 2742 navis
740 2678 849 2742 timet:
875 2680 1067 2744 abrotonum
1091 2703 1178 2767 aegro

128 2825 184 2877 115
208 2814 283 2876 Non
306 2811 416 2889 audet,
440 2810 501 2877 nisi
523 2811 582 2895 qui
604 2809 729 2886 didicit,
753 2809 847 2873 dare:
873 2810 962 2895 quod
986 2811 1181 2874 medicorum
1205 2824 1264 2889 est,

211 2944 410 3008 Promittunt
433 2942 566 3006 medici:
592 2952 732 3006 tractant
754 2940 883 3005 fabrilia
904 2940 1008 3005 fabri:

211 3076 388 3141 Scribimus
410 3074 532 3140 indocti
555 3074 706 3161 doctique
729 3081 877 3161 poemata
899 3073 1026 3160 passim.
1102 3055 1103 3058 Ἴ

212 3208 278 3273 Hic
301 3231 389 3272 error
412 3219 517 3273 tamen
541 3218 573 3273 et
595 3207 676 3271 levis
697 3206 766 3270 haec
788 3205 912 3271 insania
934 3218 1071 3292 quantas

211 3342 356 3406 Virtutes
378 3340 506 3418 habeat,
531 3341 575 3404 sic
598 3339 730 3427 collige:
756 3339 840 3404 vatis
861 3362 977 3403 avarus

132 3487 187 3538 120
211 3474 287 3537 Non
311 3484 428 3537 temere
452 3484 500 3539 est
522 3472 665 3538 animus:
692 3493 803 3536 versus
825 3484 924 3550 amat,
946 3471 1007 3535 hoc
1029 3467 1139 3536 studet
1163 3494 1283 3536 uuum:

212 3605 425 3682 Detrimeuta‚
449 3605 545 3690 fugas
568 3625 744 3679 servorum,
768 3601 916 3669 incendia
937 3601 1039 3667 ridet:
1113 3661 1115 3664 Α
1172 3659 1175 3663 ,

212 3738 288 3801 Non
311 3737 459 3802 fraudem
483 3737 577 3813 socio,
601 3757 744 3824 puerove
765 3735 921 3822 incogitat
944 3734 1044 3801 ullam
1132 3789 1135 3793 .

215 3870 364 3958 Pupillo:
390 3869 471 3935 vivit
495 3868 632 3956 siliquis,
655 3881 687 3936 et
710 3878 792 3956 pane
816 3867 974 3935 secundo:

215 4003 346 4068 Militiae
369 4025 566 4091 quamquam
589 4003 682 4090 piger
705 4012 737 4066 et
760 4002 878 4078 malus,
900 3999 989 4064 utilis
1012 3998 1104 4073 urbi;

132 4150 188 4204 125
214 4137 249 4203 Si
272 4136 329 4203 das
351 4137 424 4214 hoc,
447 4137 556 4223 parvis
579 4157 710 4222 quoque
732 4133 829 4199 rebus
851 4153 968 4218 magna
986 4120 1117 4218 juvari;
1176 4200 1179 4205 ,

215 4270 261 4334 Os
284 4281 429 4333 tenerum
449 4267 544 4354 pueri
567 4266 766 4352 balbumque
789 4271 885 4351 poeta
907 4263 1045 4350 figurat-2
1105 4281 1125 4319 ’.
1201 4249 1203 4254 ’

300 4459 322 4489 v.
335 4443 386 4489 105.
403 4439 476 4498 Vulg.
493 4439 592 4497 Crunos
603 4452 667 4486 nom.
677 4451 770 4484 esuris.
876 4495 877 4498 Ἴ
895 4482 898 4487 ,
919 4435 971 4486 109.
986 4435 1070 4485 Ponat
1080 4453 1135 4484 rar.
