2844 5130
444 1227 487 1312 Q„
516 1227 744 1302 HORATII
776 1229 961 1304 unnccl
1014 1256 1016 1261 ·

331 1485 522 1570 ARS
595 1487 1071 1575 POETICA.

422 1778 424 1785 ’
463 1798 653 1848 muscum
682 1800 736 1848 nu
766 1788 952 1851 mones

202 2007 373 2094 Humano
393 2031 493 2118 capiti
515 2031 668 2095 cervicem
691 2031 795 2117 pictor
817 2033 966 2120 equinam

200 2161 343 2250 Jungere
366 2162 392 2228 si
415 2163 504 2241 velit,
528 2175 560 2227 et
583 2163 687 2227 varias
708 2163 858 2228 inducere
879 2166 1006 2253 plumas

200 2293 355 2382 Undique
377 2296 500 2360 collatis
522 2295 683 2374 membris,
707 2308 745 2361 ut
768 2299 908 2387 turpiter
929 2312 1036 2364 atrum

199 2424 333 2491 Desinat
355 2427 389 2490 in
410 2427 528 2515 piscem
552 2427 667 2492 mulier
688 2427 828 2493 formosa
850 2451 1004 2516 superne;

157 2567 176 2656 .⁵
200 2557 385 2644 Spectatum
407 2559 536 2624 admissi
557 2559 657 2625 risum
681 2561 815 2624 teneatis
838 2560 954 2624 amici?

186 2688 340 2776 Credite,
365 2690 506 2771 Pisones,
530 2691 584 2756 isti
607 2691 726 2756 tabulae
749 2691 817 2755 fore
839 2691 960 2756 librum

102 2897 105 2903 ¹
199 2824 406 2906 Persimilem,
431 2827 535 2914 cujus,
559 2828 648 2891 velut
671 2825 750 2913 aegri
773 2825 903 2902 somnia,
928 2848 1018 2891 vanoe

198 2957 378 3046 Fingentur
401 2960 538 3046 species;
564 2971 600 3023 ut
623 2980 680 3023 nec
701 2980 770 3046 peS,
794 2980 852 3023 nec
875 2969 972 3046 caput
995 2958 1052 3022 uni

198 3090 368 3157 Reddatur
390 3093 510 3158 formae.
558 3093 742 3159 Pictoribus
765 3105 863 3180 atque
885 3088 989 3179 poetis

137 3237 174 3294 10
199 3226 363 3306 Quidlibet
387 3226 526 3292 audendi
550 3249 672 3315 semper
695 3229 758 3292 fuit
781 3250 876 3314 aequa
897 3238 1056 3314 potestas:

199 3360 334 3440 Scimus,
358 3372 390 3426 et
412 3361 494 3426 hanc
517 3362 642 3426 veniam
663 3361 868 3450 petimusque
890 3361 1068 3448 damusque
1090 3359 1245 3424 vicissim:

199 3493 261 3559 Sed
283 3515 349 3558 non
373 3505 410 3558 ut
431 3493 567 3582 placidis
588 3502 701 3559 coeant
722 3494 865 3568 inmitia3
891 3515 955 3557 non
978 3503 1015 3557 ut
1106 3509 1108 3515 ’

199 3627 365 3714 Serpentes
387 3626 502 3691 avibus
523 3626 737 3713 geminentur,
762 3626 901 3712 tigribus
923 3626 1007 3712 agni.

197 3758 339 3846 Inceptis
361 3758 516 3845 gravibus
537 3759 728 3846 plerumque
750 3768 782 3822 et
805 3780 922 3846 magna
944 3757 1103 3844 professis,

136 3901 173 3956 15
197 3891 397 3980 Purpureus,
421 3891 486 3955 late
508 3891 565 3977 qui
589 3890 764 3978 splendeat,
788 3911 873 3954 unus
896 3903 929 3954 et
951 3887 1031 3953 alter

195 4023 353 4088 Adsuitur
369 4039 520 4110 pannus:
546 4045 619 4087 cum
641 4025 735 4088 lucus
758 4033 867 4088 stara
890 4022 1015 4098 Diuum,

196 4155 242 4220 Et
263 4151 465 4244 properantis
488 4179 580 4243 aquae
604 4179 661 4243 per
684 4179 824 4221 amoenos
847 4155 986 4220 ambitus
1009 4175 1115 4242 agros,

197 4289 262 4354 Aut
285 4288 405 4354 fiumen
430 4290 592 4365 Rhenum,
617 4301 674 4353 aut
696 4289 826 4376 pluvius
850 4287 1041 4353 describitur
1065 4312 1166 4354 arcus.

200 4422 261 4487 Sed
282 4412 369 4489 'nunc
392 4447 455 4488 non
480 4437 546 4488 erat
571 4424 619 4488 his
643 4424 747 4486 locus:
774 4435 804 4487 et
829 4423 962 4488 fortasse
986 4442 1168 4513 cupressum
