2844 5130
457 344 494 421 Q.
520 341 731 407 HORATII
763 343 938 408 FLACCI

284 553 322 605 25
347 542 457 606 Multa
480 542 643 607 Dircaeum
666 543 751 608 levat
774 532 853 607 aura
870 530 1023 630 cycnum,

348 673 481 752 Tendit,
504 674 635 753 Antoni,
659 675 806 763 quotiens
827 674 861 738 in
884 675 967 738 altos

346 807 490 871 Nubium
515 819 652 872 tractus:
678 831 748 896 ego,
772 807 841 895 apis
864 807 1001 872 Matinae

437 929 530 1004 More
552 940 711 1028 modoque

345 1072 448 1141 Grata
469 1074 627 1160 carpentis
649 1074 761 1162 thyma
783 1096 841 1160 per
862 1072 1016 1150 laborem,

283 1217 321 1267 30
344 1205 526 1269 Plurimum
548 1206 632 1271 circa
653 1228 765 1271 nemus
788 1206 944 1294 uvidique

346 1337 487 1400 Tiburis·
502 1337 743 1426 rivos'operosa
765 1361 884 1426 parvus

435 1471 585 1536 Carmina
607 1471 703 1558 fingo.

340 1605 640 1692 ¹Concines‘majore
662 1613 759 1692 pocta
780 1605 902 1693 plectro

343 1739 511 1816 Caesarem,
524 1739 730 1827 'quandoque
742 1738 868 1817 'trahet
880 1738 995 1803 ferocis

280 1883 317 1936 35
343 1871 410 1936 Per
429 1895 553 1963 sacrum
576 1872 692 1936 clivom
715 1873 829 1936 merita
850 1871 984 1936 decorus
1009 1868 1025 1923 ἶ

432 2006 561 2071 Fronde
585 2007 796 2096 Sygambros:
853 2055 855 2059 r
1083 1969 1087 1973 v

341 2140 415 2217 Quo
437 2140 518 2204 nihil
540 2141 644 2229 majus
666 2141 818 2206 meliusve
842 2141 935 2205 terris

341 2273 424 2336 Fata
447 2271 604 2337 donavere
625 2273 766 2361 bonique
789 2272 879 2350 Divi,
944 2287 946 2290 ⁴

254 2419 256 2426 ’
339 2406 409 2470 Nec
431 2406 573 2485 dabunt,
592 2388 738 2495 quamvis
760 2401 890 2471 redeant
913 2405 948 2469 in
970 2426 1086 2469 aurum

278 2551 316 2602 40
430 2540 594 2628 Tempora
615 2540 764 2627 priscum.
855 2544 859 2552 ’

340 2672 495 2737 Concines
518 2645 673 2760 laetosque
696 2671 774 2750 dies,
798 2683 831 2736 et
854 2671 955 2735 Urbis

339 2804 512 2868 Publicum
534 2804 649 2869 ludum
674 2825 769 2890 super
791 2771 971 2889 inpetrato¹

338 2938 446 3003 Fortis
470 2939 610 3025 Augusti
633 2936 753 3015 reditu,
774 2937 946 3024 forumque

429 3071 560 3136 Litibus
572 3071 708 3135 orbum.

275 3215 312 3268 45
338 3204 427 3268 Tum
450 3226 528 3269 meae
552 3205 595 3289 (si
618 3203 698 3291 quid
721 3204 836 3290 loquor
859 3201 1087 3287 audiendum).

339 3335 433 3400 Vocis
455 3337 582 3402 accedet
604 3336 690 3400 bona
711 3357 805 3422 pars3
831 3346 874 3412 et,
901 3335 929 3397 0
955 3333 1002 3398 sol

338 3468 488 3548 Pulcher,
512 3471 532 3532 ὂ
555 3467 724 3546 laudande,
749 3490 872 3545 canam,
896 3477 1026 3555 recepto

428 3601 553 3666 Caesare
575 3601 662 3668 felix.

339 3735 440 3821 Isque
463 3733 540 3798 dum
563 3736 720 3823 procedit,
747 3736 786 3799 lo
809 3733 983 3821 triumphe,

277 3880 315 3931 50
337 3867 413 3948 Non
437 3866 532 3931 semel
555 3866 707 3944 dicemus,
732 3868 772 3931 Io
795 3866 970 3953 triumphe,

340 4001 464 4066 Civitas
486 3997 607 4076 omnis;
633 3997 851 4087 dabimusque
869 3998 964 4063 Divis
1023 4095 1026 4100 ι

431 4134 523 4198 Tura
545 4134 699 4222 benignis.

265 4322 288 4352 v.
298 4306 336 4353 31.
353 4304 426 4364 Vulg.
442 4305 530 4353 Rrrrs.
618 4309 655 4354 45.
672 4307 787 4357 Loourn.
875 4306 913 4353 49.
928 4305 1017 4355 Tueua
