2828 5122
441 471 714 536 CARMINUM
747 471 825 534 Lm.
844 473 890 546 1.,

332 670 440 735 Debes
463 669 649 758 Virgilium,
672 669 792 735 finibus
817 669 958 735 lltticis=

285 802 417 868 Reddas
439 802 643 879 incolumem,
667 824 792 890 precor,

274 1014 276 1019 Ι
329 936 377 1000 Et
401 957 506 1001 serves
529 934 644 1000 animae
668 934 838 1000 dimidium
861 957 951 1000 meae.

287 1066 343 1130 Illi
366 1066 467 1131 robur
489 1078 522 1132 et
545 1090 589 1132 aes
611 1068 731 1155 triplex

226 1212 262 1263 10
330 1200 426 1266 Circa
448 1212 562 1288 pectus
585 1211 666 1278 erat,
691 1199 920 1288 quittagilem
945 1199 1028 1291 truci

286 1333 444 1398 Conmisit
466 1333 584 1421 pelago
606 1344 707 1399 ratem

332 1466 474 1545 Primus,
498 1489 556 1530 nec
580 1465 690 1531 timuit
712 1466 911 1555 pracipitem
934 1465 1081 1531 ⁴Africum

286 1599 514 1665 Decertantem
537 1598 766 1685 Aquilonibus,

331 1732 400 1796 Nec
424 1690 525 1796 tristis
549 1730 698 1819 Hyadas,
721 1754 779 1795 nec
803 1731 923 1796 rabiem
948 1729 1045 1795 Noti:

227 1874 262 1926 15
286 1865 360 1942 Quo
382 1886 445 1928 non
469 1863 589 1929 arbiter
614 1863 750 1929 Hadriae

332 1996 454 2084 Major,
477 1996 590 2061 tollere
613 2019 669 2061 seu
692 2017 810 2085 ponere
834 1998 901 2061 volt
925 1997 1017 2062 freta

287 2114 390 2209 Quem
414 2130 527 2194 mortis
550 2129 659 2194 timuit
682 2130 833 2217 gradum,
905 2201 911 2210 ,

332 2265 397 2342 Qui
421 2265 516 2330 rectis
538 2264 641 2330 oculis
664 2277 807 2331 monstra
829 2265 985 2340 natantia,

287 2397 351 2475 Qui
374 2396 457 2462 vidit
480 2420 567 2462 mare
590 2398 772 2478 turbidum,
797 2410 829 2464 ct
894 2410 897 2416 “
937 2425 942 2432 ’

102 2618 105 2623 .
224 2542 263 2593 20
332 2529 469 2594 Infamis
492 2531 641 2619 scopulos
664 2530 921 2597 Acroceraunia?

288 2661 513 2749 Nequicquam
538 2663 629 2728 Deus
653 2663 789 2729 abscidit

334 2793 482 2859 Prudens
505 2796 633 2861 Oceano
656 2795 866 2889 dissociabilis

290 2926 420 3003 Terras,
445 2925 471 2990 si
495 2937 601 2990 tamen
623 2926 721 3015 inpiae

333 3057 409 3121 Non
432 3056 593 3144 tangenda
615 3069 700 3123 rates
724 3059 908 3124 transiliunt
931 3058 1023 3124 vada.

141 3276 149 3289 ἢ
227 3202 265 3253 25
290 3188 406 3253 Audax
430 3188 538 3253 omnia
559 3191 697 3278 perpeti,

335 3323 424 3387 Gens
447 3321 589 3387 humana
610 3325 677 3387 ruit
700 3346 758 3409 per
781 3323 917 3388 vetitum
942 3323 1039 3387 nefas.

290 3454 406 3519 Audax
431 3455 538 3542 Iapeti
561 3478 665 3543 genus

334 3589 449 3676 Ignem
472 3588 588 3652 fraude
610 3588 694 3654 mala
716 3588 869 3676 gentibus
891 3589 1011 3654 intulit.

290 3722 369 3785 Post
391 3721 500 3810 ignem
523 3720 656 3785 aetheria
679 3720 775 3785 domo

226 3865 266 3917 30
335 3853 553 3930 Subductum,
577 3853 693 3917 macies
716 3865 749 3918 et
771 3877 856 3919 nova
878 3854 1044 3921 febrium·

198 3970 200 3974 ἲ
257 3995 260 4003 “
290 3985 403 4049 Terris
425 3984 574 4051 incubuit
599 3985 730 4050 cohors:

334 4120 520 4207 Semotique
542 4119 634 4208 prius
658 4120 750 4185 tarda
773 4121 942 4186 necessitas

289 4251 364 4315 Leti
387 4252 545 4340 corripuit
568 4254 715 4340 gradum.

236 4443 260 4474 v.
272 4428 309 4475 18.
326 4427 502 4486 Vulg.Sr‹r1s.
566 4454 572 4470 ι
594 4428 629 4475 19.
646 4429 796 4476 Tenemus.
884 4431 923 4478 ⁸22.
940 4429 1117 4477 Drssocrlsmr.
