2844 5130
448 484 719 549 CARMINUM
752 487 830 550 L1r.
848 486 906 550 IV.

286 683 489 772 Iuportuuus
511 684 596 748 euim
620 685 796 749 transvolat
819 684 924 748 aridas

225 827 259 878 10
282 818 438 896 Quercus,
462 830 494 882 et
517 817 638 906 refugit
662 829 705 896 te,
729 818 807 904 quia
828 818 926 882 luridi

328 950 462 1028 Dentes,
487 961 519 1015 te
541 951 621 1037 quia
642 973 734 1038 rugoe

246 1108 253 1123 ‚
373 1085 526 1171 Turpaut
548 1095 581 1148 et
604 1084 718 1171 capitis
740 1085 839 1148 nives.

281 1215 350 1280 Nec
373 1215 451 1282 Cooe
473 1216 617 1282 referunt
636 1218 704 1305 jam
728 1217 788 1282 tibi
811 1240 977 1306 purpurae,

280 1348 349 1413 Nec
372 1348 437 1413 cari
459 1348 583 1437 lapides
606 1360 762 1436 tempora,
787 1373 861 1436 quae
885 1349 979 1414 semel

224 1493 256 1544 15
326 1483 421 1548 Notis
444 1484 574 1548 condita
595 1483 687 1548 fastis

371 1616 510 1680 Inclusit
533 1616 673 1680 volucris
695 1616 772 1681 dies.

280 1750 354 1824 Quo
375 1747 463 1836 fugit
487 1743 617 1813 Venus?
650 1748 733 1812 heu!
760 1771 866 1834 quove
888 1749 999 1811 color?
1033 1747 1147 1813 decens

280 1879 354 1956 Quo
376 1864 507 1943 motus?
540 1879 621 1965 quid
644 1852 742 1942 habes
764 1878 863 1955 illius,
887 1878 974 1942 illius

326 2013 407 2090 Quae
430 1996 572 2099 spirabat
595 2034 728 2090 amores,

217 2156 255 2207 20
370 2146 451 2223 Quae
474 2167 525 2209 me
548 2156 718 2232 surpuerat
742 2143 843 2208 mihi?

281 2278 375 2341 Felix
398 2291 471 2365 post
490 2279 658 2355 Cinaram,
683 2291 823 2364 notaque
846 2288 879 2340 et
902 2277 1020 2340 artium

283 2411 457 2474 Gratarum
480 2410 595 2475 facies:
630 2411 685 2474 sed
710 2410 836 2475 Cinarae
859 2410 965 2475 brevis

239 2615 241 2619 ,
327 2543 437 2606 Annos
459 2541 527 2606 fata
549 2541 719 2618 dederunt,

372 2675 546 2739 Servatura
568 2673 626 2738 diu
648 2693 758 2759 parem

214 2817 254 2869 25
278 2806 423 2870 Cornicis
446 2806 564 2870 vetulae
587 2802 786 2892 temporibus
810 2803 940 2890 Lycen:

278 2939 476 3002 Possem-ut
495 2939 630 3026 juvenes
653 2937 754 3001 visere
776 2934 903 3011 fervidi,

323 3073 435 3138 Multo
457 3095 522 3136 non
546 3073 612 3136 sine
635 3072 713 3148 risu,

369 3204 535 3269 Dilabsam
560 3205 592 3268 in
616 3205 736 3268 cineres
758 3202 869 3266 facem.

405 3468 417 3594 ς
614 3504 730 3598 xlv.

518 3703 571 3752 AD
601 3699 829 3750 AUGUSTUM.

280 3852 377 3951 Qua
400 3895 478 3937 eura
503 3873 649 3949 Petrum,
674 3893 788 3956 quaeve
812 3868 1000 3946 Quiritium,

278 4002 387 4068 Plenis
409 4003 568 4067 honorum
591 4001 779 4066 muneribus
802 4012 886 4074 tuas,

322 4137 480 4224 Auguste,
504 4135 640 4199 virtutes
663 4135 697 4196 in
720 4154 827 4197 aevum

369 4268 432 4332 Per
455 4268 567 4332 titulos
590 4281 806 4349 memoresque
830 4261 931 4324 fastus

537 4443 609 4489 v.14.
626 4438 698 4496 Vutg.
715 4439 807 4485 Cam.
