2828 5122
374 455 725 520 EPISTOLARUM
755 451 834 518 Lm.
852 454 880 517 Ι.
907 465 952 517 14.
999 496 1002 508 ·
1189 447 1258 532 237

163 655 237 719 Non
259 651 332 719 istic
354 655 486 743 obliquo
507 655 601 720 oculo
623 678 693 721 mea
714 655 880 720 commoda
903 645 1092 742 quisquam'
1162 687 1165 689 Α

161 787 283 865 Limat,
306 810 369 853 non
391 787 468 853 odio
489 789 624 854 obscuro
646 801 819 875 morsuque
833 786 991 862 venenat:
1049 801 1052 807 '
1078 812 1080 818 ·

162 921 285 986 Rident
305 920 402 986 vicini
424 921 534 1009 glebas
556 933 588 986 et
611 895 688 986 saxa
708 931 898 985 moventem.

117 1066 139 1116 ,0
162 1055 247 1117 Cum
270 1052 368 1118 servis
390 1064 428 1118 tu
451 1053 576 1118 urbana
597 1052 699 1118 diaria
719 1052 831 1117 rodere
854 1049 963 1116 mavis.

163 1186 293 1249 Horum
315 1196 353 1250 tu
376 1185 410 1250 in
433 1207 602 1254 numerum
624 1196 702 1249 voto
722 1185 808 1249 ruis:
840 1184 963 1248 invidet
988 1202 1080 1247 usum

163 1317 344 1405 Lignorum
366 1330 398 1383 et
420 1319 543 1406 pecoris
566 1319 626 1385 tibi
649 1319 720 1382 calo
741 1330 877 1407 argutus
900 1328 931 1382 et
954 1317 1048 1382 horti.

162 1451 264 1538 Optat
288 1450 440 1539 ephippia
461 1451 537 1516 bos:
569 1451 662 1539 piger
684 1462 776 1539 optat
799 1474 887 1515 arare
906 1448 1060 1515 caballus.

164 1584 267 1661 Quam
292 1583 351 1648 scit
374 1595 510 1671 uterque
532 1582 647 1662 libens,
672 1583 817 1661 censebo,
843 1595 987 1656 exerceat
1010 1594 1118 1647 artem.

491 2003 735 2065 EPISTOLA
768 2002 839 2064 XV.

400 2205 453 2253 AD
483 2205 515 2254 C.
537 2204 762 2254 NUMONIUM
791 2204 933 2252 VALAM.

165 2365 260 2464 Qun
284 2384 325 2450 sit
347 2383 449 2449 biems
471 2384 582 2462 Veliae,
606 2384 695 2472 quod
718 2383 844 2462 caelum,
868 2383 959 2461 Vale,
989 2382 1123 2461 Salerni,

164 2522 308 2599 Quorum
332 2517 496 2584 hominum
519 2517 619 2605 regio,
643 2528 675 2582 et
699 2518 804 2605 qualis
826 2517 895 2583 via:
923 2517 1011 2602 (nam
1034 2515 1113 2581 mihi
1138 2515 1232 2580 Baias

164 2653 264 2716 Musa
287 2673 500 2739 supervacuas
523 2649 701 2716 Antonius:
734 2661 895 2716 ettamen
918 2650 982 2714 illis
1081 2637 1084 2642 Δ

163 2786 222 2850 Me
243 2784 321 2849 facit
343 2783 494 2862 invisum,
518 2782 626 2870 gelida
646 2804 719 2846 cum
743 2782 873 2869 perluor
896 2783 983 2847 unda

123 2927 141 2980 5
166 2919 230 2981 Per
252 2915 394 2981 medium
416 2915 531 3003 frigus.
556 2937 631 2980 saue
652 2925 794 2980 murteta
814 2915 965 3002 relinqui,

164 3046 327 3135 Dictaque
346 3056 523 3112 cessantem
544 3046 650 3110 nervis
673 3046 790 3112 elidere
812 3048 958 3113 morbum

166 3179 300 3244 Sulfura
320 3178 491 3257 contemni,
515 3165 605 3244 vicus
628 3179 747 3267 gemit;
772 3179 902 3244 invidus
924 3180 1029 3268 aegris,

165 3312 229 3390 Qui
252 3322 406 3400 caputet
430 3312 626 3376 stomachum
651 3312 830 3399 subponere
852 3312 997 3377 lontibus
1016 3311 1139 3376 ‘audent

165 3444 318 3525 Clusinis,
343 3444 529 3533 Gabiosque
551 3456 667 3532 petunt
690 3456 722 3509 et
744 3444 865 3534 frigida
886 3468 970 3511 rura.

117 3589 142 3641 10
163 3579 347 3644 Mutandus
368 3580 460 3644 locus
481 3591 540 3658 est,
564 3591 597 3649 et
619 3578 800 3646 deversoria
822 3591 899 3644 nota

164 3710 431 3799 Praeteragendus
454 3733 566 3799 equus.
615 3712 688 3788 Quo
710 3711 840 3776 tendis?
869 3734 933 3776 non
957 3711 1035 3775 mihi
1060 3714 1179 3776 Cumas

165 3842 226 3907 Est
247 3841 312 3907 iter
332 3854 398 3907 aut
414 3842 527 3917 Baias;
553 3842 634 3908 laeva
657 3843 874 3908 stomachosus
895 3843 1018 3908 habena

164 3973 260 4039 Dicet
283 3998 397 4062 eques:
432 3975 488 4040 sed
510 3968 602 4065 equis
624 3975 750 4050 frenato
772 3988 819 4041 est
841 3976 984 4050 aurisin
1007 3980 1088 4061 ore.)
1169 3963 1172 3966 Δ

154 4105 278 4194 ,Major
299 4118 410 4172 utrum
433 4109 592 4195 populum
614 4108 770 4174 frumenti·
791 4109 883 4201 copia
904 4121 1034 4197 pascat;

117 4247 143 4300 15
165 4238 364 4306 Collectosne
385 4240 498 4306 bibant
521 4241 644 4319 imbris,
667 4255 822 4330 puteosne
845 4244 997 4331 perennis

346 4432 369 4465 v.
380 4415 418 4464 40.
434 4415 508 4476 Vulg.
523 4417 561 4465 Tu
572 4418 643 4466 obest.
758 4488 762 4493 Ι
791 4417 827 4465 13.
843 4416 918 4468 Eam.
944 4418 946 4420 ’
