<?xml version="1.0" encoding="UTF-8"?>
<!DOCTYPE html PUBLIC "-//W3C//DTD XHTML 1.0 Transitional//EN"
    "http://www.w3.org/TR/xhtml1/DTD/xhtml1-transitional.dtd">
<html xmlns="http://www.w3.org/1999/xhtml" xml:lang="en" lang="en">
 <head>
  <title>
</title>
<meta http-equiv="Content-Type" content="text/html;charset=utf-8" />
  <meta name='ocr-system' content='tesseract 3.04.00' />
  <meta name='ocr-capabilities' content='ocr_page ocr_carea ocr_par ocr_line ocrx_word'/>
</head>
<body>
  <div class='ocr_page' id='page_1' title='image "./horatiusrestitu00flacgoog_0326.png"; bbox 0 0 2844 5130; ppageno 0'>
   <div class='ocr_carea' id='block_1_1' title="bbox 461 877 1200 1062">
    <p class='ocr_par' dir='ltr' id='par_1_1' title="bbox 461 877 1200 1062">
     <span class='ocr_line' id='line_1_1' title="bbox 461 877 1200 1062; baseline -0.003 -43"><span class='ocrx_word' id='word_1_1' title='bbox 461 1033 464 1062; x_wconf 17' lang='grc' dir='ltr'>ζ</span> <span class='ocrx_word' id='word_1_2' title='bbox 517 937 585 1024; x_wconf 84' lang='lat' dir='ltr'>Q</span> <span class='ocrx_word' id='word_1_3' title='bbox 613 901 841 1044; x_wconf 70' lang='lat' dir='ltr'>Hortarii</span> <span class='ocrx_word' id='word_1_4' title='bbox 865 901 1079 1046; x_wconf 75' lang='lat' dir='ltr'>&#39;nuncet</span> <span class='ocrx_word' id='word_1_5' title='bbox 1116 877 1123 883; x_wconf 6' lang='grc' dir='ltr'><em>Ἀ</em></span> <span class='ocrx_word' id='word_1_6' title='bbox 1150 889 1151 892; x_wconf 5' lang='grc' dir='ltr'>Ὺ</span> <span class='ocrx_word' id='word_1_7' title='bbox 1189 1014 1200 1054; x_wconf 25' lang='lat' dir='ltr'>p</span> 
     </span>
    </p>
   </div>
   <div class='ocr_carea' id='block_1_2' title="bbox 443 1144 1262 1304">
    <p class='ocr_par' dir='ltr' id='par_1_2' title="bbox 443 1144 1262 1306">
     <span class='ocr_line' id='line_1_2' title="bbox 443 1144 1262 1304; baseline 0.066 -52"><span class='ocrx_word' id='word_1_8' title='bbox 443 1144 1262 1304; x_wconf 40' lang='grc' dir='ltr'><strong>ΕΡῚΕΤΟᾙΑΒἨΜῘ,</strong></span> 
     </span>
    </p>
   </div>
   <div class='ocr_carea' id='block_1_3' title="bbox 651 1428 1102 1491">
    <p class='ocr_par' dir='ltr' id='par_1_3' title="bbox 450 1426 1102 1491">
     <span class='ocr_line' id='line_1_3' title="bbox 651 1428 1102 1491; baseline 0.008 -2.459"><span class='ocrx_word' id='word_1_9' title='bbox 651 1428 771 1490; x_wconf 82' lang='lat' dir='ltr'>LIBER</span> <span class='ocrx_word' id='word_1_10' title='bbox 798 1429 958 1491; x_wconf 58' lang='lat' dir='ltr'>PRIMUS</span> <span class='ocrx_word' id='word_1_11' title='bbox 1032 1483 1037 1490; x_wconf 87' lang='lat'>.</span> <span class='ocrx_word' id='word_1_12' title='bbox 1099 1433 1102 1440; x_wconf 84' lang='grc'><strong><em>’</em></strong></span> 
     </span>
    </p>
   </div>
   <div class='ocr_carea' id='block_1_4' title="bbox 340 1800 1256 2103">
    <p class='ocr_par' dir='ltr' id='par_1_4' title="bbox 340 1800 1256 2109">
     <span class='ocr_line' id='line_1_4' title="bbox 560 1800 1200 1884; baseline 0.003 -3"><span class='ocrx_word' id='word_1_13' title='bbox 560 1848 562 1855; x_wconf 68' lang='lat'>,</span> <span class='ocrx_word' id='word_1_14' title='bbox 635 1800 931 1884; x_wconf 71' lang='lat' dir='ltr'>&#39;urrsrouat</span> <span class='ocrx_word' id='word_1_15' title='bbox 1129 1803 1132 1807; x_wconf 85' lang='grc'>’</span> <span class='ocrx_word' id='word_1_16' title='bbox 1188 1803 1200 1839; x_wconf 82' lang='lat'>²&#39;</span> 
     </span>
     <span class='ocr_line' id='line_1_5' title="bbox 340 1965 1256 2103; baseline 0 -33"><span class='ocrx_word' id='word_1_17' title='bbox 340 2091 345 2100; x_wconf 28' lang='grc' dir='ltr'>Ι</span> <span class='ocrx_word' id='word_1_18' title='bbox 626 1977 1044 2103; x_wconf 54' lang='lat' dir='ltr'>launomarum„</span> <span class='ocrx_word' id='word_1_19' title='bbox 1254 1965 1256 1968; x_wconf 15' lang='grc' dir='ltr'>Ι</span> 
     </span>
    </p>
   </div>
   <div class='ocr_carea' id='block_1_5' title="bbox 236 2160 1329 4264">
    <p class='ocr_par' dir='ltr' id='par_1_5' title="bbox 300 2160 1120 2264">
     <span class='ocr_line' id='line_1_6' title="bbox 300 2160 1120 2264; baseline 0 -14"><span class='ocrx_word' id='word_1_20' title='bbox 300 2169 336 2250; x_wconf 85' lang='lat' dir='ltr'>P</span> <span class='ocrx_word' id='word_1_21' title='bbox 341 2210 432 2251; x_wconf 79' lang='lat' dir='ltr'>arua</span> <span class='ocrx_word' id='word_1_22' title='bbox 457 2187 540 2252; x_wconf 88' lang='lat' dir='ltr'>dicte</span> <span class='ocrx_word' id='word_1_23' title='bbox 563 2188 653 2262; x_wconf 85' lang='lat' dir='ltr'>mihi,</span> <span class='ocrx_word' id='word_1_24' title='bbox 678 2210 801 2254; x_wconf 86' lang='lat' dir='ltr'>summa</span> <span class='ocrx_word' id='word_1_25' title='bbox 823 2160 958 2253; x_wconf 89' lang='lat' dir='ltr'>dicende</span> <span class='ocrx_word' id='word_1_26' title='bbox 979 2209 1120 2264; x_wconf 86' lang='lat' dir='ltr'>camena,</span> 
     </span>
    </p>

    <p class='ocr_par' dir='ltr' id='par_1_6' title="bbox 258 2317 1229 2665">
     <span class='ocr_line' id='line_1_7' title="bbox 258 2317 1189 2409; baseline -0.001 -26"><span class='ocrx_word' id='word_1_27' title='bbox 258 2320 260 2339; x_wconf 79' lang='grc'><strong>“</strong></span> <span class='ocrx_word' id='word_1_28' title='bbox 300 2321 485 2406; x_wconf 86' lang='lat' dir='ltr'>Spectatum</span> <span class='ocrx_word' id='word_1_29' title='bbox 510 2320 596 2398; x_wconf 86' lang='lat' dir='ltr'>satis,</span> <span class='ocrx_word' id='word_1_30' title='bbox 621 2320 832 2385; x_wconf 76' lang='lat' dir='ltr'>et&#39;donatum</span> <span class='ocrx_word' id='word_1_31' title='bbox 850 2321 919 2409; x_wconf 85' lang='lat' dir='ltr'>jam</span> <span class='ocrx_word' id='word_1_32' title='bbox 941 2319 1034 2398; x_wconf 89' lang='lat' dir='ltr'>rude,</span> <span class='ocrx_word' id='word_1_33' title='bbox 1057 2317 1189 2405; x_wconf 87' lang='lat' dir='ltr'>quaeris,</span> 
     </span>
     <span class='ocr_line' id='line_1_8' title="bbox 298 2451 1135 2540; baseline -0.001 -25"><span class='ocrx_word' id='word_1_34' title='bbox 298 2452 470 2529; x_wconf 76' lang='lat' dir='ltr'>MaecenaS,</span> <span class='ocrx_word' id='word_1_35' title='bbox 493 2452 610 2517; x_wconf 91' lang='lat' dir='ltr'>iterum</span> <span class='ocrx_word' id='word_1_36' title='bbox 632 2453 767 2540; x_wconf 89' lang='lat' dir='ltr'>antiquo</span> <span class='ocrx_word' id='word_1_37' title='bbox 789 2475 840 2517; x_wconf 90' lang='lat' dir='ltr'>me</span> <span class='ocrx_word' id='word_1_38' title='bbox 860 2451 1024 2517; x_wconf 86' lang='lat' dir='ltr'>includere</span> <span class='ocrx_word' id='word_1_39' title='bbox 1046 2451 1135 2516; x_wconf 88' lang='lat' dir='ltr'>ludo.</span> 
     </span>
     <span class='ocr_line' id='line_1_9' title="bbox 298 2583 1229 2665; baseline 0 -17"><span class='ocrx_word' id='word_1_40' title='bbox 298 2585 371 2648; x_wconf 92' lang='lat' dir='ltr'>Non</span> <span class='ocrx_word' id='word_1_41' title='bbox 396 2585 504 2650; x_wconf 85' lang='lat' dir='ltr'>eadem</span> <span class='ocrx_word' id='word_1_42' title='bbox 528 2596 576 2649; x_wconf 89' lang='lat' dir='ltr'>est</span> <span class='ocrx_word' id='word_1_43' title='bbox 599 2596 688 2665; x_wconf 81' lang='lat' dir='ltr'>aetas,</span> <span class='ocrx_word' id='word_1_44' title='bbox 711 2608 776 2650; x_wconf 92' lang='lat' dir='ltr'>non</span> <span class='ocrx_word' id='word_1_45' title='bbox 799 2608 895 2651; x_wconf 91' lang='lat' dir='ltr'>mens.</span> <span class='ocrx_word' id='word_1_46' title='bbox 943 2583 1106 2662; x_wconf 84' lang='lat' dir='ltr'>Veianius,</span> <span class='ocrx_word' id='word_1_47' title='bbox 1130 2583 1229 2648; x_wconf 91' lang='lat' dir='ltr'>armis</span> 
     </span>
    </p>

    <p class='ocr_par' dir='ltr' id='par_1_7' title="bbox 252 2702 1142 2938">
     <span class='ocr_line' id='line_1_10' title="bbox 252 2702 1142 2806; baseline 0 -26"><span class='ocrx_word' id='word_1_48' title='bbox 252 2702 271 2780; x_wconf 51' lang='lat'>¹5</span> <span class='ocrx_word' id='word_1_49' title='bbox 296 2717 448 2782; x_wconf 91' lang='lat' dir='ltr'>Herculis</span> <span class='ocrx_word' id='word_1_50' title='bbox 470 2717 513 2782; x_wconf 93' lang='lat' dir='ltr'>ad</span> <span class='ocrx_word' id='word_1_51' title='bbox 535 2729 658 2806; x_wconf 87' lang='lat' dir='ltr'>postem</span> <span class='ocrx_word' id='word_1_52' title='bbox 680 2718 766 2796; x_wconf 86' lang='lat' dir='ltr'>fixis,</span> <span class='ocrx_word' id='word_1_53' title='bbox 789 2718 868 2783; x_wconf 85' lang='lat' dir='ltr'>latet</span> <span class='ocrx_word' id='word_1_54' title='bbox 891 2716 1020 2783; x_wconf 87' lang='lat' dir='ltr'>abditus</span> <span class='ocrx_word' id='word_1_55' title='bbox 1043 2739 1142 2803; x_wconf 82' lang='lat' dir='ltr'>agr03</span> 
     </span>
     <span class='ocr_line' id='line_1_11' title="bbox 296 2851 1092 2938; baseline -0.003 -24"><span class='ocrx_word' id='word_1_56' title='bbox 296 2851 347 2914; x_wconf 91' lang='lat' dir='ltr'>Ne</span> <span class='ocrx_word' id='word_1_57' title='bbox 369 2851 528 2938; x_wconf 91' lang='lat' dir='ltr'>populum</span> <span class='ocrx_word' id='word_1_58' title='bbox 552 2863 694 2916; x_wconf 89' lang='lat' dir='ltr'>extrema</span> <span class='ocrx_word' id='word_1_59' title='bbox 715 2852 832 2916; x_wconf 90' lang='lat' dir='ltr'>totiens</span> <span class='ocrx_word' id='word_1_60' title='bbox 855 2862 965 2917; x_wconf 88' lang='lat' dir='ltr'>exoret</span> <span class='ocrx_word' id='word_1_61' title='bbox 987 2871 1092 2915; x_wconf 87' lang='lat' dir='ltr'>arena.</span> 
     </span>
    </p>

    <p class='ocr_par' dir='ltr' id='par_1_8' title="bbox 296 2983 1194 3332">
     <span class='ocr_line' id='line_1_12' title="bbox 296 2983 1194 3073; baseline 0.002 -27"><span class='ocrx_word' id='word_1_62' title='bbox 296 2983 358 3047; x_wconf 87' lang='lat' dir='ltr'>Est</span> <span class='ocrx_word' id='word_1_63' title='bbox 381 2983 460 3047; x_wconf 92' lang='lat' dir='ltr'>mihi</span> <span class='ocrx_word' id='word_1_64' title='bbox 483 2995 654 3072; x_wconf 84' lang='lat' dir='ltr'>purgatam</span> <span class='ocrx_word' id='word_1_65' title='bbox 677 2984 788 3050; x_wconf 91' lang='lat' dir='ltr'>crebro</span> <span class='ocrx_word' id='word_1_66' title='bbox 811 2983 870 3072; x_wconf 90' lang='lat' dir='ltr'>qui</span> <span class='ocrx_word' id='word_1_67' title='bbox 892 2996 1040 3073; x_wconf 84' lang='lat' dir='ltr'>personet</span> <span class='ocrx_word' id='word_1_68' title='bbox 1062 3005 1194 3058; x_wconf 85' lang='lat' dir='ltr'>aurem;</span> 
     </span>
     <span class='ocr_line' id='line_1_13' title="bbox 297 3116 1112 3207; baseline 0.004 -29"><span class='ocrx_word' id='word_1_69' title='bbox 297 3116 392 3180; x_wconf 87' lang='lat' dir='ltr'>Solve</span> <span class='ocrx_word' id='word_1_70' title='bbox 415 3128 625 3182; x_wconf 86' lang='lat' dir='ltr'>senescentem</span> <span class='ocrx_word' id='word_1_71' title='bbox 648 3130 773 3184; x_wconf 85' lang='lat' dir='ltr'>mature</span> <span class='ocrx_word' id='word_1_72' title='bbox 795 3141 892 3183; x_wconf 87' lang='lat' dir='ltr'>sanus</span> <span class='ocrx_word' id='word_1_73' title='bbox 915 3139 1047 3207; x_wconf 89' lang='lat' dir='ltr'>equum,</span> <span class='ocrx_word' id='word_1_74' title='bbox 1070 3140 1112 3181; x_wconf 91' lang='lat' dir='ltr'>ne</span> 
     </span>
     <span class='ocr_line' id='line_1_14' title="bbox 296 3250 1130 3332; baseline -0.001 -18"><span class='ocrx_word' id='word_1_75' title='bbox 296 3250 411 3315; x_wconf 89' lang='lat' dir='ltr'>Peccet</span> <span class='ocrx_word' id='word_1_76' title='bbox 434 3250 476 3315; x_wconf 83' lang='lat' dir='ltr'>ad</span> <span class='ocrx_word' id='word_1_77' title='bbox 498 3263 676 3317; x_wconf 87' lang='lat' dir='ltr'>extremum</span> <span class='ocrx_word' id='word_1_78' title='bbox 699 3250 864 3332; x_wconf 88' lang='lat' dir='ltr'>ridendus,</span> <span class='ocrx_word' id='word_1_79' title='bbox 888 3264 920 3318; x_wconf 91' lang='lat' dir='ltr'>et</span> <span class='ocrx_word' id='word_1_80' title='bbox 942 3253 999 3318; x_wconf 88' lang='lat' dir='ltr'>ilia</span> <span class='ocrx_word' id='word_1_81' title='bbox 1021 3251 1130 3317; x_wconf 86' lang='lat' dir='ltr'>ducat.</span> 
     </span>
    </p>

    <p class='ocr_par' dir='ltr' id='par_1_9' title="bbox 236 3383 1329 4002">
     <span class='ocr_line' id='line_1_15' title="bbox 236 3383 1167 3471; baseline 0 -26"><span class='ocrx_word' id='word_1_82' title='bbox 236 3395 272 3446; x_wconf 92' lang='lat'>10</span> <span class='ocrx_word' id='word_1_83' title='bbox 296 3383 392 3448; x_wconf 94' lang='lat' dir='ltr'>Nunc</span> <span class='ocrx_word' id='word_1_84' title='bbox 415 3383 525 3471; x_wconf 91' lang='lat' dir='ltr'>itaque</span> <span class='ocrx_word' id='word_1_85' title='bbox 547 3395 580 3448; x_wconf 93' lang='lat' dir='ltr'>et</span> <span class='ocrx_word' id='word_1_86' title='bbox 602 3406 713 3449; x_wconf 87' lang='lat' dir='ltr'>versus</span> <span class='ocrx_word' id='word_1_87' title='bbox 735 3396 768 3449; x_wconf 90' lang='lat' dir='ltr'>et</span> <span class='ocrx_word' id='word_1_88' title='bbox 791 3397 893 3450; x_wconf 87' lang='lat' dir='ltr'>cetera</span> <span class='ocrx_word' id='word_1_89' title='bbox 915 3383 1040 3449; x_wconf 87' lang='lat' dir='ltr'>ludicr&#39;a</span> <span class='ocrx_word' id='word_1_90' title='bbox 1062 3405 1167 3470; x_wconf 88' lang='lat' dir='ltr'>pono:</span> 
     </span>
     <span class='ocr_line' id='line_1_16' title="bbox 296 3499 1329 3605; baseline 0.001 -23"><span class='ocrx_word' id='word_1_91' title='bbox 296 3517 383 3597; x_wconf 83' lang='lat' dir='ltr'>Quid</span> <span class='ocrx_word' id='word_1_92' title='bbox 397 3540 509 3582; x_wconf 87' lang='lat' dir='ltr'>verum</span> <span class='ocrx_word' id='word_1_93' title='bbox 524 3528 622 3605; x_wconf 86' lang='lat' dir='ltr'>atque</span> <span class='ocrx_word' id='word_1_94' title='bbox 635 3517 762 3598; x_wconf 86' lang='lat' dir='ltr'>decens,</span> <span class='ocrx_word' id='word_1_95' title='bbox 778 3540 854 3585; x_wconf 92' lang='lat' dir='ltr'>curo</span> <span class='ocrx_word' id='word_1_96' title='bbox 869 3528 901 3582; x_wconf 91' lang='lat' dir='ltr'>et</span> <span class='ocrx_word' id='word_1_97' title='bbox 913 3540 1004 3605; x_wconf 88' lang='lat' dir='ltr'>rogo,</span> <span class='ocrx_word' id='word_1_98' title='bbox 1019 3526 1052 3581; x_wconf 89' lang='lat' dir='ltr'>et</span> <span class='ocrx_word' id='word_1_99' title='bbox 1066 3499 1171 3580; x_wconf 83' lang='lat' dir='ltr'>omnis</span> <span class='ocrx_word' id='word_1_100' title='bbox 1184 3513 1220 3582; x_wconf 90' lang='lat' dir='ltr'>in</span> <span class='ocrx_word' id='word_1_101' title='bbox 1231 3514 1296 3581; x_wconf 93' lang='lat' dir='ltr'>hoc</span> <span class='ocrx_word' id='word_1_102' title='bbox 1311 3541 1329 3583; x_wconf 86' lang='lat' dir='ltr'>s</span> 
     </span>
     <span class='ocr_line' id='line_1_17' title="bbox 296 3635 1214 3737; baseline -0.003 -23"><span class='ocrx_word' id='word_1_103' title='bbox 296 3635 420 3728; x_wconf 79' lang='lat' dir='ltr'>condo,</span> <span class='ocrx_word' id='word_1_104' title='bbox 445 3660 477 3714; x_wconf 88' lang='lat' dir='ltr'>et</span> <span class='ocrx_word' id='word_1_105' title='bbox 500 3672 655 3737; x_wconf 88' lang='lat' dir='ltr'>conpono,</span> <span class='ocrx_word' id='word_1_106' title='bbox 679 3674 754 3737; x_wconf 86' lang='lat' dir='ltr'>quae</span> <span class='ocrx_word' id='word_1_107' title='bbox 775 3672 851 3713; x_wconf 87' lang='lat' dir='ltr'>mox</span> <span class='ocrx_word' id='word_1_108' title='bbox 875 3646 1059 3736; x_wconf 84' lang='lat' dir='ltr'>depromere</span> <span class='ocrx_word' id='word_1_109' title='bbox 1081 3647 1214 3736; x_wconf 86' lang='lat' dir='ltr'>possim.</span> 
     </span>
     <span class='ocr_line' id='line_1_18' title="bbox 296 3779 1225 3871; baseline -0.001 -24"><span class='ocrx_word' id='word_1_110' title='bbox 296 3782 343 3847; x_wconf 83' lang='lat' dir='ltr'>Ac</span> <span class='ocrx_word' id='word_1_111' title='bbox 366 3804 406 3847; x_wconf 93' lang='lat' dir='ltr'>ne</span> <span class='ocrx_word' id='word_1_112' title='bbox 427 3781 513 3848; x_wconf 85' lang='lat' dir='ltr'>forte</span> <span class='ocrx_word' id='word_1_113' title='bbox 534 3804 638 3871; x_wconf 87' lang='lat' dir='ltr'>roges,</span> <span class='ocrx_word' id='word_1_114' title='bbox 662 3805 728 3870; x_wconf 94' lang='lat' dir='ltr'>quo</span> <span class='ocrx_word' id='word_1_115' title='bbox 750 3804 800 3845; x_wconf 89' lang='lat' dir='ltr'>me</span> <span class='ocrx_word' id='word_1_116' title='bbox 823 3781 916 3860; x_wconf 90' lang='lat' dir='ltr'>duce,</span> <span class='ocrx_word' id='word_1_117' title='bbox 940 3804 1006 3868; x_wconf 94' lang='lat' dir='ltr'>quo</span> <span class='ocrx_word' id='word_1_118' title='bbox 1026 3779 1095 3847; x_wconf 85' lang='lat' dir='ltr'>lare</span> <span class='ocrx_word' id='word_1_119' title='bbox 1116 3791 1225 3847; x_wconf 88' lang='lat' dir='ltr'>tuter:</span> 
     </span>
     <span class='ocr_line' id='line_1_19' title="bbox 296 3912 1086 4002; baseline 0.001 -25"><span class='ocrx_word' id='word_1_120' title='bbox 296 3913 428 3979; x_wconf 90' lang='lat' dir='ltr'>Nullius</span> <span class='ocrx_word' id='word_1_121' title='bbox 451 3913 600 3979; x_wconf 85' lang='lat' dir='ltr'>addictus</span> <span class='ocrx_word' id='word_1_122' title='bbox 618 3915 729 4002; x_wconf 87' lang='lat' dir='ltr'>jurare</span> <span class='ocrx_word' id='word_1_123' title='bbox 751 3913 785 3977; x_wconf 92' lang='lat' dir='ltr'>in</span> <span class='ocrx_word' id='word_1_124' title='bbox 808 3915 907 3979; x_wconf 87' lang='lat' dir='ltr'>verba</span> <span class='ocrx_word' id='word_1_125' title='bbox 928 3912 1086 4002; x_wconf 85' lang='lat' dir='ltr'>magistri,</span> 
     </span>
    </p>

    <p class='ocr_par' dir='ltr' id='par_1_10' title="bbox 238 4045 1219 4264">
     <span class='ocr_line' id='line_1_20' title="bbox 238 4045 1219 4144; baseline 0.001 -36"><span class='ocrx_word' id='word_1_126' title='bbox 238 4056 274 4108; x_wconf 87' lang='lat'>15</span> <span class='ocrx_word' id='word_1_127' title='bbox 297 4045 371 4122; x_wconf 82' lang='lat' dir='ltr'>Quo</span> <span class='ocrx_word' id='word_1_128' title='bbox 392 4068 443 4111; x_wconf 91' lang='lat' dir='ltr'>me</span> <span class='ocrx_word' id='word_1_129' title='bbox 465 4069 605 4133; x_wconf 92' lang='lat' dir='ltr'>cumque</span> <span class='ocrx_word' id='word_1_130' title='bbox 627 4045 712 4134; x_wconf 87' lang='lat' dir='ltr'>rapit</span> <span class='ocrx_word' id='word_1_131' title='bbox 736 4057 919 4144; x_wconf 86' lang='lat' dir='ltr'>tempestas,</span> <span class='ocrx_word' id='word_1_132' title='bbox 942 4045 1068 4111; x_wconf 85' lang='lat' dir='ltr'>deferor</span> <span class='ocrx_word' id='word_1_133' title='bbox 1091 4045 1219 4135; x_wconf 88' lang='lat' dir='ltr'>hospes.</span> 
     </span>
     <span class='ocr_line' id='line_1_21' title="bbox 296 4174 1084 4264; baseline 0.005 -25"><span class='ocrx_word' id='word_1_134' title='bbox 296 4176 392 4241; x_wconf 90' lang='lat' dir='ltr'>Nunc</span> <span class='ocrx_word' id='word_1_135' title='bbox 415 4177 508 4264; x_wconf 85' lang='lat' dir='ltr'>agilis</span> <span class='ocrx_word' id='word_1_136' title='bbox 530 4177 585 4256; x_wconf 86' lang='lat' dir='ltr'>fio,</span> <span class='ocrx_word' id='word_1_137' title='bbox 608 4192 641 4243; x_wconf 91' lang='lat' dir='ltr'>et</span> <span class='ocrx_word' id='word_1_138' title='bbox 664 4174 782 4243; x_wconf 88' lang='lat' dir='ltr'>mersor</span> <span class='ocrx_word' id='word_1_139' title='bbox 805 4178 953 4244; x_wconf 89' lang='lat' dir='ltr'>civilibus</span> <span class='ocrx_word' id='word_1_140' title='bbox 976 4179 1084 4258; x_wconf 89' lang='lat' dir='ltr'>undis,</span> 
     </span>
    </p>
   </div>
   <div class='ocr_carea' id='block_1_6' title="bbox 297 4311 1061 4403">
    <p class='ocr_par' dir='ltr' id='par_1_11' title="bbox 297 4311 1061 4403">
     <span class='ocr_line' id='line_1_22' title="bbox 297 4311 1061 4403; baseline 0.005 -28"><span class='ocrx_word' id='word_1_141' title='bbox 297 4311 435 4377; x_wconf 90' lang='lat' dir='ltr'>Virtutis</span> <span class='ocrx_word' id='word_1_142' title='bbox 459 4315 542 4379; x_wconf 88' lang='lat' dir='ltr'>verae</span> <span class='ocrx_word' id='word_1_143' title='bbox 562 4327 682 4393; x_wconf 75' lang='lat' dir='ltr'>custoS,</span> <span class='ocrx_word' id='word_1_144' title='bbox 706 4315 897 4403; x_wconf 85' lang='lat' dir='ltr'>rigidusque</span> <span class='ocrx_word' id='word_1_145' title='bbox 919 4316 1061 4381; x_wconf 86' lang='lat' dir='ltr'>satelles:</span> 
     </span>
    </p>
   </div>
   <div class='ocr_carea' id='block_1_7' title="bbox 0 0 1426 5130">
    <p class='ocr_par' dir='ltr' id='par_1_12' title="bbox 0 0 1426 5130">
     <span class='ocr_line' id='line_1_23' title="bbox 0 0 1426 5130; baseline 0 0"><span class='ocrx_word' id='word_1_146' title='bbox 0 0 1426 5130; x_wconf 95' lang='lat' dir='ltr'> </span> 
     </span>
    </p>
   </div>
  </div>
 </body>
</html>
