2828 5122
473 483 741 549 CARMINUM
774 486 851 549 Lm.
870 485 949 564 IV..

157 688 175 752 5
200 680 314 747 Gratia
337 704 410 745 cum
435 639 595 771 Nymplris
618 684 816 771 geminisque
838 681 1000 747 sororibus
1022 681 1120 745 audet

290 816 418 879 Ducere
441 814 530 879 nuda
552 816 673 880 choros.

200 946 389 1011 Inmortalia
410 970 450 1012 ne
473 970 589 1034 speres,
613 959 720 1012 monet
743 969 857 1026 annus,
881 958 913 1011 et
936 946 1056 1010 almum

290 1081 371 1157 Quae
394 1079 479 1168 rapit
501 1080 580 1144 hora
602 1080 696 1177 diem.

199 1186 337 1298 Frigora
358 1211 529 1279 mitescunt
553 1212 720 1300 zephyris:
745 1235 801 1277 ver
824 1210 958 1300 proterit
981 1222 1085 1288 aestas,

140 1353 175 1405 10
289 1343 478 1420 Interitura,
502 1343 597 1407 simul

200 1476 341 1541 Pomifer
364 1488 539 1542 autumnus
561 1478 672 1565 fruges
695 1476 862 1542 effuderit:
888 1489 920 1542 et
943 1500 1018 1542 mox

291 1611 413 1675 Bruma
435 1610 571 1675 recurrit
594 1610 686 1674 iners.

199 1742 327 1807 Damna
349 1754 453 1807 tamen
477 1744 592 1808 celeres
615 1743 925 1830 reparantcaelestia
946 1743 1049 1807 lunae:

199 1906 200 1910 ¹
289 1876 358 1941 Nos
381 1876 438 1941 ubi
461 1876 636 1940 decidimus

140 2019 174 2070 15
198 2009 271 2085 Quo
294 2020 385 2096 pater
409 2011 545 2088 AEneas,.
565 2032 630 2096 quo
655 2009 785 2087 Tullus,
810 2008 899 2073 dives
922 2019 953 2072 ct
978 2009 1097 2087 Ancus,

291 2141 404 2206 Pulvis
427 2154 459 2207 et
482 2143 598 2207 umbra
613 2140 739 2206 sumus.

198 2273 285 2350 Quis·
302 2274 361 2339 scit
384 2297 425 2338 an
447 2275 597 2363 adjiciant
620 2275 782 2340 hodiernae
805 2276 944 2341 crastina
967 2298 1097 2340 summae

290 2408 453 2496 Tempora
475 2408 521 2472 Di
544 2408 675 2496 superi?

199 2540 327 2604 Cuncta
350 2563 462 2605 manus
486 2541 596 2605 avidas
618 2541 745 2628 fugient
767 2541 904 2620 heredis,
928 2543 1029 2608 amico
1098 2593 1099 2597 ,

136 2685 175 2735 20
289 2675 370 2751 Quae
393 2674 518 2739 dederis
541 2675 655 2739 animo

199 2807 283 2871 Cum
307 2807 402 2874 semel
424 2809 588 2887 occideris,
612 2819 644 2872 et
668 2808 708 2873 de
731 2818 763 2871 te
787 2808 953 2896 splendida
976 2810 1086 2874 Minos

288 2944 414 3008 Fecerit
437 2944 588 3019 arbitria3
620 2994 622 2998 μ

197 3079 283 3156 Nou,
309 3080 488 3166 Torquate,
511 3102 624 3166 genus,
648 3100 722 3174 non*
735 3090 767 3143 te
789 3078 950 3158 facundia,
974 3101 1039 3144 non
1063 3091 1094 3143 te

289 3215 453 3279 Restituet
476 3204 587 3302 pietas.

135 3360 173 3413 25
199 3349 339 3414 Infernis
362 3351 573 3438 nequeenim
596 3351 736 3416 tenebris
760 3352 866 3416 Diana
888 3351 1041 3439 pudicum

289 3481 423 3546 Liberat
447 3482 686 3570 Hippolytum:

198 3615 266 3678 Nec
291 3613 425 3678 Lethaea
447 3615 532 3679 valet
557 3617 703 3680 Theseus
726 3616 916 3704 abrumpere
938 3639 1011 3681 caro

289 3746 427 3814 Vincula
450 3748 604 3813 Pirithoo.

546 3953 570 3984 ν.
582 3938 618 3984 15.
635 3936 708 4003 Vung
725 3936 785 3984 Prus
801 3937 860 3985 AEu.
