2844 5130
431 347 468 422 o.
494 343 705 408 noaAmr
738 341 913 429 rnsccr

263 553 300 606 45
325 543 403 605 Post
425 541 486 606 hoc
510 523 655 606 secundis
678 538 966 628 usque'laboribu's

326 674 472 738 Romana
494 675 595 762 pubes
618 673 785 751 crevit,·et
807 672 896 760 inpio

371 809 503 871 Vastata
526 810 701 872 Poenorum
724 807 868 871 tumultu

418 942 508 1005 Fano
531 942 618 1005 Deos
640 941 780 1006 habuere
802 927 913 1004 rectos.

327 1072 486 1159 Dixitque
509 1073 637 1138 tandem
660 1073 802 1162 perfidus
826 1069 1011 1143 Hannibal;

267 1217 304 1268 50
328 1192 454 1284 Caum,
478 1205 629 1294 luporum
651 1206 762 1294 praeda
784 1204 959 1292 rapacium,

374 1340 538 1402 Sectamur
562 1340 660 1417 ultro,
684 1338 914 1426 quos'opimus

419 1471 544 1535 Fallere
566 1483 599 1536 et
621 1471 761 1559 effugere
784 1481 832 1536 est
855 1468 1048 1556 triumphus.

329 1603 428 1681 Gens,
452 1627 526 1690 quae
550 1617 688 1670 cremato
704 1605 803 1669 'fortis
826 1604 867 1668 ab
893 1603 956 1667 Ilio

330 1737 460 1800 Jactata
484 1736 601 1802 Tuscis
624 1737 809 1823 aequoribus
832 1744 929 1801 sacra*

268 1880 304 1932 55
374 1869 541 1955 Notosque
563 1881 770 1957 maturosque
792 1880 900 1958 patres

419 2001 559 2066 Pertulit
583 2002 740 2067 Ausonias
761 2001 802 2066 ad
827 2001 928 2078 urbis,

330 2133 431 2197 Duris
454 2143 491 2196 ut
514 2133 577 2198 ilex
601 2146 693 2199 tonsa
713 2133 907 2221 bipennibus

330 2264 442 2352 Nigrae
465 2265 561 2330 feraci
583 2266 706 2330 frondis
728 2266 762 2330 in
785 2265 914 2353 Algido,

378 2397 443 2461 Per
465 2397 591 2476 damno,
615 2421 673 2486 per
696 2398 803 2477 caedis,
827 2399 962 2485 abipso

269 2534 307 2593 60
420 2531 522 2595 Ducit
544 2555 621 2618 opes
643 2533 849 2618 animumque
871 2532 965 2596 ferro.

330 2664 405 2734 Non
428 2664 547 2753 Hydra
570 2676 654 2730 secto
677 2689 809 2753 corpore
831 2665 953 2730 firmior

331 2797 424 2861 Vinci
447 2797 605 2863 dolentem
628 2800 729 2864 crevit
751 2799 785 2862 in
809 2799 1004 2874 Herculem3

377 2932 602 2996 Monstrumve
625 2933 799 2998 submisere
823 2933 936 2997 Colchi

422 3066 545 3152 Majus,
569 3066 775 3131 Echioniaeve
799 3066 933 3131 Thebae.

271 3200 308 3260 65
333 3198 457 3270 Merses
479 3197 653 3285 profundo,
677 3198 842 3285 pulchrior
865 3197 990 3264 evenit:

325 3330 485 3407 Luctare,
509 3330 612 3394 multa
633 3331 760 3418 proruit
781 3332 944 3418 integrum

380 3461 464 3525 Cum
486 3462 582 3527 laude
605 3462 777 3539 victorem
803 3464 951 3551 geritque

426 3595 547 3659 Proelia
569 3596 761 3683 conjugibus
783 3594 952 3682 loquenda.

335 3725 523 3813 Carthagini
541 3728 609 3815 jam
633 3751 698 3792 non
721 3751 781 3816 ego
803 3728 932 3791 nuntios

275 3872 313 3931 70
336 3860 468 3924 Mittam
494 3861 664 3948 superbos:
690 3861 823 3939 occidit·
842 3861 957 3926 occidit

383 3995 461 4080 Spes
484 3994 597 4071 omnis,
621 4005 653 4058 et
676 3995 808 4060 fortuna
831 3995 931 4058 nostri

380 4168 383 4175 ·
427 4126 585 4205 Nominis,
610 4125 816 4194 Hasdrubale
839 4129 1016 4193 interemto.

341 4319 363 4348 v.
373 4304 411 4350 66.
430 4302 501 4361 l'ulg.
519 4304 648 4353 Pnonurr.
823 4307 861 4353 67.
878 4306 1024 4356 Germana.
