2844 5130
135 415 202 479 184

481 398 527 491 'o
552 411 766 476 Honnrn
798 410 976 518 nnnccl

319 622 356 675 2⁵
382 610 536 688 Quamvis
558 631 623 673 non
645 609 728 675 alius
750 609 877 674 flectere
900 630 1021 695 equum
1044 605 1146 672 sciens

383 711 493 828 AEqoe
516 738 712 828 conspicitur,
729 740 878 828 gramine
901 739 1036 817 Martio,

429 873 499 938 Neo
522 873 697 961 quisquam
717 874 800 955 citus
823 895 915 960 aeque

478 987 593 1069 Tusco
611 1003 742 1069 denatat
765 1005 874 1070 alveo:

385 1138 497 1204 Prima
518 1124 611 1204 noete
632 1127 765 1202 domurn
787 1135 912 1213 claude,
934 1124 1042 1222 'neque
1064 1134 1098 1198 in
1123 1133 1191 1198 vias

279 1339 280 1342 ,
323 1285 362 1337 30
386 1269 455 1338 Sub
478 1258 576 1335 cantu
598 1262 745 1357 querulae
768 1258 894 1356 despice
918 1259 1033 1333 tiniosi

361 1420 362 1425 ’
433 1406 480 1475 Et
504 1415 536 1468 te
560 1425 644 1491 saepe
667 1402 794 1466 vooanti

479 1536 617 1614 Duram,
641 1533 778 1600 difficilis
800 1524 901 1597 niane.

564 1893 570 1911 '
632 1922 633 1926 ‘
679 1932 796 2007 vm.

568 2150 620 2199 An
645 2140 913 2201 MAECENATEM.

374 2308 568 2394 ‚Monens
589 2325 707 2390 eaelebs
729 2325 812 2412 quid
834 2321 928 2411 egem
953 2321 1116 2399 Calendis,

391 2457 480 2535 Quid
503 2457 603 2523 velint
626 2450 719 2522 flores
742 2467 775 2522 et
797 2453 906 2522 acerra
929 2455 1011 2520 turis

392 2591 504 2669 Plena,
517 2586 665 2670 -rnirnris,
688 2590 889 2679 positusque·
902 2554 997 2654 carbo
1020 2589 1053 2652 in

483 2720 614 2814 Cespite
636 2725 723 2804 vivo,

350 2869 368 2921 5
392 2854 497 2923 Docte
520 2828 679 2922 sormones
694 2854 874 2946 ‘utriusque
896 2854 1039 2946 linguae?

394 2960 551 3054 Voveram
575 2989 679 3054 dulcis
703 2989 826 3078 epulas,
850 3003 883 3055 et
906 2990 1017 3055 album

396 3120 516 3186 Libero
539 3117 683 3210 caprum,
708 3144 809 3210 prope
831 3121 999 3187 funeratus

487 3256 620 3322 Arboris
642 3257 720 3322 ictu.
773 3302 777 3309 ‚

397 3386 464 3452 Hio
486 3388 565 3466 dies,
589 3385 672 3454 anno
695 3386 859 3467 redeunte,
883 3390 984 3453 festus
1092 3448 1096 3460 ,

337 3531 374 3583 10
398 3521 560 3586 Corticem
583 3517 868 3609 adstrictum-pice
890 3520 1067 3586 dimovebit

399 3652 583 3740 simphonie,
607 3654 733 3717 fumum
751 3650 866 3718 'bibere
888 3649 1046 3717 institutae
1137 3662 1139 3669 ⁴

492 3787 632 3851 Consule
656 3781 766 3852 Tullo.
908 3762 910 3769 Ι

404 3922 511 3997 Sume,
536 3920 713 3998 Maecenas,
733 3913 866 4008 cynt'hos
890 3912 983 3984 enrici

404 4050 539 4137 Sospitis
561 4063 710 4127 centum3
736 4062 768 4116 et
791 4047 1073 4139 vigiles'lucernas

344 4199 380 4250 15
404 4185 516 4250 Perfer
538 4186 569 4250 in
593 4177 716 4252 lucem:
751 4183 864 4276 procul
885 4187 991 4252 omnis
1014 4197 1082 4251 esto

496 4320 625 4384 Clamor
647 4333 679 4386 et
702 4321 758 4385 ira.
