2844 5130
385 509 735 574 EPISTOLARUM
747 511 844 573 '‘L1n.
863 510 892 574 1.
919 522 962 578 17.
1194 507 1260 568 243

169 708 311 772 Scurror-
324 730 383 794 ego
404 709 474 796 ipse
496 707 593 790 mihi,
608 709 735 796 populo¹
753 719 808 772 tu:
833 677 957 771 rectius
974 705 1037 770 hoc
1058 715 1090 769 et
1157 758 1160 762 ,

82 894 83 898 ,
118 845 148 897 20
169 839 372 926 splendidius
394 809 497 904 multo
519 852 581 905 est..
600 863 711 928 equus·
727 843 839 905 ut'me
860 841 983 927 portet,
1004 838 1072 902 alat
1092 859 1160 915 rex,

168 971 315 1037 Officium
337 972 437 1038 facio:
463 985 501 1037 tu
523 973 627 1060 poscis
648 973 732 1037 vilia·
747 995 866 1050 rerum,

168 1104 273 1169 Da'ute
295 1104 418 1180 minor;
443 1105 596 1193 quamvis·
611 1106 676 1171 fers
698 1117 731 1170 te
753 1106 874 1170 nullius
897 1115 1050 1193 egentem.

169 1237 278 1302 Omnis
302 1238 501 1327 Aristippum
524 1239 637 1304 decuit
657 1240 743 1305 color
766 1251 808 1304 et„
821 1251 924 1305 status
947 1251 980 1304 et
1001 1238 1062 1314 res,

155 1369 368 1461 'Tentantem
383 1373 516 1460 majora,
539 1374 606 1438 fere
627 1373 840 1460 praes'entibus
860 1362 1011 1461 'oequumz

122 1504 150 1558 25
169 1502 298 1583 Contra,
322 1527 418 1592 quem
441 1505 563 1594 duplici
586 1528 693 1593 panno
714 1507 871 1594 patientia
892 1508 989 1585 velat,

169 1636 323 1718 Mirabor,
347 1640 422 1706 vitae
444 1640 497 1706 via
520 1641 546 1705 si
569 1638 720 1706 conversa
741 1641 874 1707 decebit.

168 1769 255 1835 Alter
277 1792 477 1859 purpureum
501 1795 565 1851 non
588 1775 785 1862 exspectabit
808 1775 980 1848 amictum

170 1903 334 1982 Quidlibet
355 1893 491 1973 indutus
513 1902 723 1973 celeberrima
739 1922 804 1997 per'
819 1899 889 1972 loca
910 1907 1025 1981 vadet3

164 2032 402 2126 Personamque
424 2040 505 2104 feret
527 2061 590 2105 non
613 2041 818 2111 inconcinnus
840 2032 1020 2127 utramque.

88 2157 144 2213 3⁰
163 2169 256 2234 Alter
280 2169 389 2235 Mileti
412 2182 533 2237 textam
556 2194 633 2237 cane
655 2167 748 2261 pejus
771 2177 808 2237 et'
826 2172 937 2259 angui

160 2297 288 2366 Vitabit
311 2301 532 2392 chlamydem
557 2305 712 2369 morietur
733 2305 864 2392 frigore,
889 2304 915 2368 si
938 2320 1000 2366 non

160 2430 342 2500 Rettuleris
364 2458 524 2524 pannum:
549 2438 643 2515 refer,
668 2450 700 2502 et
718 2433 798 2502 'sine‘
813 2436 1062 2524 vivatvineptus.

161 2565 231 2632 Res
253 2590 363 2656 gerere
385 2580 417 2634 et
440 2566 551 2659 captos
573 2570 738 2635 ostendere
760 2568 885 2634 civibus
907 2569 1030 2647 hostis,

166 2699 307 2789 Attingit
331 2702 445 2767 solium
468 2704 562 2778 Jovis
584 2715 616 2768 et
640 2702 781 2768 caelestia
799 2713 910 2767 tentat.

51 2805 124 2874 3⁵
165 2833 371 2921 Principibus
393 2837 550 2924 placuisse
574 2837 661 2914 viria,
685 2859 749 2900 non
772 2834 886 2900 ultima
909 2833 979 2897 laus
1003 2843 1059 2897 est.
1121 2909 1123 2912 y

165 2965 239 3030 Non
262 2967 365 3031 cuivis
387 2967 508 3033 homini
531 2970 688 3056 contingit
711 2969 799 3032 adire
823 2965 1024 3031 Corinthum.

166 3099 266 3178 Sedit,
290 3101 349 3189 qui
373 3101 481 3166 timuit
504 3125 544 3166 ne
567 3102 853 3181 nongsuccederet:
879 3111 964 3164 esto:

167 3234 276 3312 Quid?
307 3234 364 3321 qui
388 3232 543 3322 pervenit,
566 3232 682 3300 fecitne
705 3229 864 3299 viriliter?
894 3233 987 3320 atqui

166 3365 229 3432 Hic
252 3379 311 3447 est,
335 3379 392 3432 aut
415 3391 587 3456 nusquam,
611 3369 699 3456 quod
723 3367 907 3456 quaerimus.
931 3365 984 3430 hic
1007 3387 1087 3429 onus
1109 3364 1229 3441 horret,

68 3478 142 3547 ¹¹0
165 3497 212 3564 Ut
235 3498 344 3586 parvis
367 3501 479 3565 animis
501 3493 534 3565 et
555 3524 656 3589 parvo
679 3524 810 3589 corpore
831 3499 954 3585 majus:

165 3628 229 3695 Hic
253 3629 352 3710 subit,
375 3643 408 3697 et
431 3632 561 3720 perfert.
586 3644 642 3697 aut
661 3632 770 3696 'virtus
791 3631 907 3697 nomen
925 3629 1021 3694 inane
1043 3627 1102 3708 est,
1157 3681 1158 3684 η
1221 3667 1223 3670 >

164 3761 230 3828 Aut
253 3762 351 3828 decus
373 3776 404 3829 et
428 3764 568 3853 pretium'
591 3777 675 3850 recte
697 3764 779 3853 petit
794 3761 966 3850 ‘experiens
980 3762 1048 3826 cir.

165 3893 280 3959 Coram
302 3917 377 3983 rege
401 3919 459 3960 sua
481 3896 522 3961 de
544 3898 733 3984 paupertate
756 3907 897 3960 tacentes
916 3947 919 3953 .

166 4023 244 4090 Plus
267 4039 416 4113 poscente
438 4028 550 4092 ferent.
576 4027 684 4107 distat,
710 4003 854 4091 sumasne
877 4024 1046 4113 pudenter,

95 4153 144 4215 ‘¹³5
164 4157 213 4222 An
236 4159 352 4247 rapias.
376 4161 468 4247 atqui
491 4183 599 4224 rerum
621 4171 719 4247 caput
741 4158 801 4222 hoc
824 4168 902 4236 erat,
927 4157 980 4221 hic
1001 4157 1082 4220 fons.

165 4288 317 4357 Indotata
340 4292 418 4358 mihi
442 4316 530 4358 soror
553 4304 612 4371 est,
636 4290 832 4379 paupercula
853 4301 965 4368 mater,

551 4480 574 4512 r.
585 4463 623 4511 4³.
639 4461 712 4520 Vulg.
727 4462 785 4509 Suo.

642 4582 663 4628 Q
675 4573 692 4623 2
708 4629 713 4641 1
