2828 5122
444 457 720 522 CARMINUM
740 457 926 522 ·L11³.·>111.=

516 804 520 810 ·
616 781 732 856 XVI.

503 999 555 1051 ao
585 966 852 1050 umcnnn‘rntr.

328 1159 518 1244 lucrosum
543 1181 678 1245 Danaen
702 1180 801 1245 turris
824 1186 931 1256 aenea,

327 1311 550 1399 Robustoeque
572 1312 712 1378 foreset
735 1310 871 1398 vigilum
894 1332 1018 1374 canumv

352 1442 498 1538 'Tristes
521 1445 666 1511 excubiae
689 1445 870 1510 munierant
894 1442 971 1508 satis

416 1576 593 1642 Nocturnis
616 1576 658 1643 ab
680 1576 854 1651 adulteris:

236 1778 240 1787 ,
285 1720 303 1797 ,⁵
329 1708 363 1774 Si
386 1731 450 1774 non
474 1709 633 1775 Acrisium
656 1709 791 1797 virginis
814 1705 933 1772 abditae

327 1841 503 1908 Custodem
525 1842 682 1933 pavidum
704 1841 861 1930 «Iuppiter
883 1850 916 1904 et
940 1837 1048 1902 Venus

349 1973 547 2041 ¹Risissent:
572 1973 641 2039 t'ore
663 1974 746 2048 enim
772 1984 881 2037 tutum
903 1969 966 2051 iter
988 1978 1021 2032 et
1044 1979 1169 2056 patens,

418 2082 582 2172 Converso
604 2107 638 2171 in
661 2106 803 2194 pretium
826 2107 906 2170 Deo.

328 2244 455 2307 Aurum
477 2264 535 2328 per
557 2240 680 2306 medios
701 2241 748 2305 ire
771 2240 934 2319 satellites,

266 2385 303 2437 10
327 2375 373 2440 Et
395 2396 604 2463 perrumpere
626 2386 711 2439 amat
737 2396 823 2452 saxa,
848 2374 1013 2462 potentius

372 2509 448 2573 Ictu
471 2507 636 2572 fulmineo.
661 2507 801 2572 concidit
824 2507 958 2595 auguris

416 2643 530 2732 Argivi
553 2643 679 2718 domus,
703 2642 746 2708 ob
769 2643 896 2707 lucrum

327 2777 481 2841 Demersa
503 2775 612 2841 exitio.
636 2774 759 2840 diffidit·
777 2774 908 2839 urbium

326 2909 442 2974 Portas
464 2907 515 2973 vir
538 2907 688 2986 Macedo,
713 2919 745 2973 et
769 2906 896 2972 subruit
912 2906 1052 2971 aemulos

267 3054 302 3106 15
373 3042 480 3128 Reges
502 3040 699 3105 muneribus.
723 3062 856 3104 munera
878 3038 1009 3102 navium

420 3173 529 3237 Saevos
551 3171 737 3259 inlaqueant
761 3172 868 3236 duces.
935 3245 936 3248 Ἴ

328 3308 530 3373 Crescentem
554 3305 701 3391 sequitur
724 3327 802 3371 cura
824 3305 1003 3391 pecuniam,

327 3439 559 3525 Majorumque
581 3438 690 3507 fames.
711 3439 786 3525 jure
803 3437 976 3525 ‘perhorrui

373 3559 471 3636 Late⁹
479 3570 688 3657 conspicuum
712 3570 824 3635 tollere
848 3569 1010 3644 verticem,

265 3717 304 3767 20
420 3703 592 3781 Maecenas,
616 3702 764 3789 equitum
788 3693 894 3766 decusss

328 3837 458 3914 Quanto
481 3834 619 3922 quisque
643 3834 712 3899 sibi‘
727 3834 824 3921 plura
845 3832 1021 3921 negaverit,

326 3967 378 4032 Ab
399 3967 463 4031 Dis
475 3967 582 4054 'plura
603 3966 694 4032 feret.
718 3967 766 4031 nil
789 3967 992 4055 cupientium·

374 4099 494 4164 Nudus
517 4110 622 4165 castra
643 4110 738 4188 peto;
764 4118 796 4164 et
820 4098 989 4185 transfuga
1012 4097 1150 4163 divitum

418 4232 525 4298 Partis
547 4232 693 4318 linquere
715 4233 835 4319 gestio:

375 4422 398 4454 v.
411 4407 447 4453 13.
465 4407 486 4454 V
488 4406 538 4464 ulg.
556 4407 672 4455 Excioro.
847 4406 885 4476 ²2³
901 4406 924 4452 A
935 4405 989 4454 D'is.
1102 4422 1107 4428 ·

664 4507 696 4568 N
