2844 5130
421 461 770 528 EPISTOLARUM
802 463 879 527 Lm.
898 464 947 527 11.
975 478 999 528 1.
1231 467 1297 536 289

158 631 160 634 Ι
203 659 257 723 Ire
271 620 392 747 vpotita3
417 683 522 726 meum
546 660 604 747 qui
626 672 738 748 pectus
759 660 895 726 inaniter
918 661 1019 748 angit,

202 789 331 869 Inritat,
354 793 483 871 mulcet,
506 792 595 857 falsis
618 793 793 858 terroribus
813 793 927 881 inplet,
1097 860 1099 864 Α

200 923 250 987 Ut
271 945 403 1012 magus3
428 937 461 989 et
483 925 579 990 modo
601 948 651 989 me
675 925 808 1004 Thebis,
832 923 927 991 modo
949 926 1041 1013 ponit
1065 927 1209 994 Athenis.

200 1056 318 1123 Verum
341 1081 400 1147 age
423 1059 538 1139 ethis,
563 1059 620 1146 qui
643 1083 676 1124 se
698 1060 808 1125 lectori
831 1061 957 1126 credere
980 1061 1122 1140 malunt,

122 1194 176 1248 215
200 1188 302 1264 Quam
327 1191 513 1277 spectatoris
526 1191 664 1263 ¹fastidia
686 1194 769 1258 ferre
792 1193 933 1282 superbi,

201 1318 320 1385 Curam
342 1322 491 1410 impende
512 1323 659 1389 brevem:
686 1327 712 1390 si
735 1349 851 1411 munus
873 1325 1179 1414 Apollinedignum

199 1453 254 1518 Vis
277 1457 424 1543 conplere
445 1457 555 1533 libris;
580 1469 612 1522 et
635 1459 763 1524 vatibus
786 1460 903 1527 addere
926 1460 1039 1538 calcar,
1138 1485 1141 1490 ’

199 1585 248 1649 Ut
271 1586 378 1652 studio
401 1590 520 1677 majore
541 1601 653 1677 petant
677 1590 1033 1658 Helicona'virentem..

199 1717 309 1785 Multa
331 1721 461 1808 quidem
483 1722 575 1787 nobis
597 1688 732 1789 facimus
754 1724 838 1788 mala
861 1732 950 1811 saepe'
966 1731 1081 1812 potitae,

127 1857 177 1912 220
198 1853 262 1936 (Ut
284 1854 393 1919 vineta
415 1867 539 1942 egomet
562 1855 682 1921 caedam
704 1857 789 1942 mea)
814 1878 886 1920 cum
910 1855 969 1920 tibi
991 1856 1111 1921 librum

199 1985 341 2050 Sollicito
364 1985 488 2064 damus,
512 1999 570 2054 aut
592 1987 693 2053 sessor
718 2009 792 2052 cum
813 1986 972 2065 laedimur,
997 2010 1105 2053 unum·

199 2119 232 2182 Si
254 2119 328 2206 quis
350 2119 523 2185 amicorum
547 2132 595 2184 est
617 2144 713 2185 ausus
736 2120 924 2207 reprendere
947 2141 1090 2185 versum:

199 2252 281 2315 Cum
303 2251 374 2316 loca
392 2252 460 2340 jam
482 2252 614 2317 recitata
636 2252 829 2344 revolvimus
850 2252 1040 2317 inrevocatiz

200 2379 283 2447 Cum
305 2383 517 2448 lamentamur
539 2407 602 2449 non
625 2384 778 2472 adparere
801 2386 924 2451 labores
1008 2418 1010 2421 ·

131 2511 176 2572 225
196 2516 341 2596 Nostros,
365 2528 397 2582 et
420 2517 510 2582 tenui
533 2515 671 2583 deducta
692 2526 841 2604 poemata
862 2519 935 2583 filo:

200 2649 282 2713 Cum
305 2671 468 2736 speramus
490 2673 528 2713 eo
550 2672 616 2713 rem
640 2659 818 2728 venturam,
843 2661 892 2728 ut,
916 2649 1132 2738 simulatque

197 2779 510 2846 Carminarescieris
532 2804 591 2846 nos
613 2779 742 2868 fingere,
767 2780 952 2844 commodus
975 2781 1062 2845 ultro

197 2912 354 2989 Arcessas,
377 2924 410 2976 et
432 2935 524 3000 egere
546 2924 644 2989 vetes,
668 2923 700 2976 et
723 2911 858 2977 scribere
881 2895 986 2998 cogas.

197 3045 260 3110 Sed
282 3056 389 3113 tamen
412 3057 459 3110 est
481 3068 594 3135 operae·
608 3044 746 3132 pretium
770 3066 968 3133 cognoscere,
991 3019 1096 3131 qualis

104 3158 173 3233 ²30
195 3177 348 3262 AEdituos
371 3176 486 3242 habeat
509 3177 585 3242 belli
609 3187 750 3264 spectata
773 3177 924 3262 domique
958 3258 966 3266 ,Α

194 3309 317 3388 Virtus,
339 3308 472 3397 indigno
494 3331 557 3374 non
581 3308 796 3374 conmittenda
810 3317 931 3398 potitae.

196 3441 317 3506 Gratus
331 3440 524 3515 ,Alexandro
545 3441 613 3529 regi
637 3442 761 3529 Magno
782 3441 848 3506 fuit
869 3441 923 3506 ille

194 3569 363 3650 Choerilos,
386 3571 516 3646 incultis
539 3573 597 3659 qui
619 3571 763 3637 versibus
786 3585 818 3638 et
841 3573 922 3638 male
944 3574 1026 3639 natis

194 3703 335 3770 Rettulit
358 3716 514 3792 acceptos,
538 3704 642 3792 regale
664 3703 830 3784 nomisma,
854 3705 1031 3794 Philippos.

82 3816 170 3901 ⁵²35
194 3839 257 3904 Sed
279 3838 381 3903 veluti
403 3851 539 3905 tractata
561 3849 668 3904 notam
691 3837 861 3926 labemque
883 3841 1051 3906 remittunt

194 3971 391 4048 Atramenta,
414 3970 481 4035 fere
503 3970 671 4058 scriptores
694 3972 833 4037 carmine
854 3973 942 4038 foedo

194 4100 369 4190 Splendida
390 4102 475 4167 facta
497 4102 613 4168 linunt.
637 4101 723 4167 idem
745 4127 802 4169 rex
824 4105 890 4196 ille,
914 4112 1026 4191 poema

193 4235 256 4313 Qui
282 4246 346 4300 tam
371 4234 541 4305 ridiculum
565 4246 629 4298 tam
654 4257 725 4300 care
746 4237 901 4323 prodigus
924 4237 1011 4313 emit,

552 4427 574 4457 v.
585 4410 637 4458 216.
654 4409 727 4468 Vulg.
745 4411 842 4458 Ruonr.

678 4509 708 4570 Τ
