2844 5130
374 471 671 572 ‘moraremur
690 507 780 572 an.
799 509 826 571 [Α.

530 890 683 966 XXV.

436 1135 440 1144 ·
488 1103 541 1151 AD
572 1103 736 1152 LYDIAM.

199 1261 373 1344 Pramus.
383 1281 514 1368 junctas
537 1280 690 1366 quatiunt
713 1278 866 1344 fenestras

199 1411 466 1477 Ictibua‘crebris
482 1412 618 1499 juvenes
640 1411 794 1498 protervi,

198 1543 265 1606 Neo
290 1542 350 1607 tibi
374 1565 509 1607 somnos‘
523 1542 687 1607 adimunt:
705 1557 707 1560 ’
722 1553 872 1628 amatque
973 1575 976 1586 ·

287 1678 405 1742 Janua¹
418 1678 526 1758 limen,

160 1818 175 1869 5
199 1810 280 1886 Quae
302 1810 393 1896 prius
416 1810 564 1875 multum.
579 1810 682 1874 facilis
697 1809 864 1874 movebat

197 1943 366 2008 Cardines.·
386 1941 608 2010 audis'minirs
631 1956 662 2009 et
684 1944 790 2009 minus
809 1944 889 2030 jam,

196 2077 259 2139 Ma
285 2096 351 2138 ruo
374 2076 503 2164 longam
526 2060 681 2165 pereunte
703 2087 840 2152 noctem,

290 2207 408 2296 Lydia,
432 2208 576 2273 dormis?

197 2337 340 2403 Invicem
363 2341 503 2405 moechos
526 2364 607 2405 anus
629 2340 807 2427 arrogantis

141 2482 176 2533 10
200 2470 311 2536 Flebis
324 2471 366 2534 'in
390 2472 458 2536 solo
479 2473 559 2536 levis
582 2473 766 2560 angiportu,

198 2600 340 2666 Thracio
363 2601 538 2668 baechante
560 2603 662 2690 magis
686 2603 746 2668 sub
770 2605 866 2668 inter-
931 2660 933 2664 Α

287 2734 377 2798 lunia
399 2746 505 2800 vento.

198 2869 283 2931 Cum
306 2866 366 2931 tibi
389 2868 527 2955 flagrans
551 2890 651 2946 amor,
675 2878 707 2930 et
729 2864 841 2945 libido,

197 2999 278 3076 Quae
303 2998 382 3063 solet
405 3011 523 3064 matres
545 2999 665 3064 furiare
688 3021 856 3086 equorum,

136 3143 172 3194 15
198 3130 316 3195 Saeviet
339 3131 423 3196 circa
441 3131 533 3217 jecur
558 3130 775 3204 ulcerosum3'

288 3263 363 3325 Non
388 3263 455 3326 sine
477 3275 607 3350 questu,

196 3396 291 3460 Laeta
313 3394 402 3482 quod
425 3396 528 3482 pubes
550 3395 645 3460 edera
668 3395 790 3458 virente

196 3532 359 3610 Gaudeat,
383 3533 473 3620 pulla
496 3534 598 3622 magis
621 3545 718 3619 atque
741 3543 867 3621 myrt03

196 3662 312 3728 Aridas
330 3663 458 3741 ¹frondis
480 3665 593 3730 hiemis
616 3663 716 3729 sodali

135 3807 173 3858 20
288 3795 424 3862 Dedicet
448 3797 549 3861 Euro.

169 4018 193 4049 v.
203 4002 227 4049 7.
244 4000 318 4060 Vulg.
334 4000 434 4050 Loroas
444 4017 542 4051 noerae.
633 4001 669 4050 17.
685 3999 805 4049 Vraaarr.
892 4000 931 4048 20.
947 3996 1044 4048 Harae.
