2844 5130
457 451 726 531 sermonum
758 467 833 530 tm.
852 468 901 530 11.
926 481 953 532 s.

211 659 429 742 Extimuiue
452 685 508 728 vos
529 677 637 752 ageret
659 663 785 730 vesania
807 665 946 741 discors3

142 801 189 860 175
210 793 261 857 Tu
283 795 531 876 Nomentanum,
549 808 592 862 -tu
614 820 655 863 ne
678 819 843 885 sequerere
868 799 1025 863 Cicutam.

210 929 309 1006 Quare
332 952 391 1017 per
413 930 515 996 Divos
530 944 646 997 *oratus
669 943 805 1020 uterque
828 931 970 1010 Penatis,

211 1061 261 1124 Tu
282 1085 360 1127 cave
381 1084 421 1128 ne
444 1064 579 1144 minuas,
603 1075 640 1130 tu
662 1088 703 1131 ne
725 1067 829 1154 majus
851 1065 948 1130 facias
969 1065 1015 1143 id,

209 1192 298 1269 Quod
321 1196 398 1260 satis
420 1220 487 1262 esse
508 1209 603 1286 putat
624 1209 727 1286 pater,
751 1210 783 1263 et
806 1210 923 1263 natura
944 1204 1076 1263 coercet.

209 1327 375 1408 Praeterea,
398 1352 517 1396 nevos
539 1331 648 1397 titillet
670 1332 783 1420 gloria,
803 1334 891 1421 jure-

141 1465 188 1517 180
206 1457 348 1526 Jurando
369 1462 567 1551 obstringam
590 1463 702 1527 ambo:
735 1475 807 1528 uter
830 1462 943 1542 oedilis,
966 1462 1104 1527 fueritve

208 1593 351 1660 Vestrum
373 1609 504 1684 prator,
527 1597 554 1663 is
577 1597 766 1664 intestabilis
788 1609 820 1662 et
844 1621 930 1662 sacer
952 1609 1029 1662 esto.

208 1724 244 1788 In
264 1727 365 1793 cicere
387 1740 485 1816 atque
506 1730 582 1796 faba
603 1729 689 1795 bona
711 1742 748 1794 tu
770 1729 950 1818 perdasque
972 1729 1104 1816 lupinis,

207 1855 304 1924 batus
327 1870 365 1926 ut
387 1860 421 1924 in
443 1862 527 1927 circo
549 1861 694 1950 spatiere,
718 1873 750 1928 et
772 1869 888 1926 aenens
911 1872 949 1925 ut
973 1871 1055 1935 stes3

206 1987 316 2057 Nudus
338 1991 436 2080 agris,
459 1994 567 2059 nudus
590 1994 739 2079 nummis,
762 1995 881 2071 insane,
905 1990 1070 2086 paternis?

148 2127 188 2180 185
208 2121 327 2190 Scilicet
349 2137 388 2191 ut
411 2127 554 2214 plausus,
578 2151 660 2215 quos
682 2128 746 2192 fert
769 2126 924 2214 Agrippa,
948 2124 1103 2202 screatu,
1175 2217 1179 2223 ⁵

206 2253 316 2323 Astuta
337 2257 513 2348 ingenuum
535 2261 645 2349 volpes
666 2261 792 2326 imitata
812 2259 944 2324 leonem.
1051 2240 1053 2245 ,

206 2388 250 2454 Ne
272 2392 346 2479 quis
368 2392 515 2460 humasse
537 2395 614 2460 velit
637 2395 777 2483 Ajacem,
802 2392 926 2471 Atrida,
954 2403 1043 2456 vetas
1065 2393 1146 2454 cur?

205 2519 271 2586 Rex
294 2544 384 2588 sum:
417 2525 464 2590 nil
486 2526 573 2591 ultra
594 2548 703 2613 quaere
725 2524 888 2613 plebeius:
922 2535 954 2588 et
976 2544 1103 2609 aequam

205 2651 281 2719 Rem
303 2655 462 2744 imperito.
486 2670 520 2723 at
542 2657 569 2722 si
592 2659 644 2722 cui
667 2656 776 2721 videor
798 2678 862 2720 non
881 2655 1008 2742 justus3
1033 2654 1146 2718 inulto'

146 2781 322 2867 conicere,
347 2787 436 2875 quod
459 2789 565 2869 sentit,
588 2789 749 2876 permitto.
798 2787 942 2851 Maxime
966 2809 1090 2874 regum,

204 2914 243 2980 Di
264 2917 325 2984 tibi
347 2918 425 2984 dent
448 2932 542 3008 capta
564 2921 693 2984 classem
717 2918 873 2984 deducere
896 2918 1006 3005 Troja.

203 3049 286 3139 Ergo
309 3054 482 3133 consulere,
506 3066 538 3120 et
561 3077 636 3119 mox
658 3052 847 3141 respondere
869 3051 1002 3116 licebit?
1107 3059 1111 3071 ’

203 3183 345 3250 Consule.
395 3187 464 3252 Cur
486 3188 570 3276 Ajax
592 3189 685 3252 heros
707 3186 749 3251 ab
772 3185 895 3249 Achille
919 3182 1076 3248 secundus

202 3312 369 3395 Putrescit,
393 3319 508 3384 totiens
532 3319 664 3385 servatis
687 3319 791 3382 clarus
813 3314 962 3379 Achivis:

143 3444 182 3505 ¹9⁵
201 3444 344 3514 Gaudeat
367 3460 405 3513 ut
427 3451 568 3540 populus
591 3451 712 3516 Priami
736 3449 948 3534 Priamusque
970 3446 1148 3522 inhumato,

201 3579 259 3646 Per
282 3605 379 3669 quem
402 3596 451 3650 tot
470 3585 605 3673 juvenes
625 3584 732 3674 patrio
755 3604 884 3648 caruere
907 3581 1075 3669 sepulcro?

201 3710 290 3777 Mille
312 3705 421 3778 ovium
444 3715 574 3780 insanus
597 3715 692 3779 morti
714 3714 816 3793 dedit,
840 3715 997 3778 inclutum
1021 3713 1141 3777 Ulixen

199 3842 239 3909 Et
263 3847 451 3912 Menelaum
474 3871 539 3912 una
561 3870 684 3913 mecum
708 3871 740 3912 se
762 3846 904 3912 occidere
926 3846 1073 3909 clamans.

200 3973 251 4040 Tu
274 3999 348 4041 cum
371 4001 431 4065 pro
453 3978 694 4045 vitula‘statuis
717 3979 843 4044 dulcem
867 3976 983 4041 Aulide
1005 3987 1112 4040 natam

137 4100 179 4161 ²⁰⁰
197 4105 276 4173 Ante
299 4132 381 4188 aras,
406 4111 593 4198 spargisque
616 4112 700 4177 mola
723 4121 832 4199 caput,
856 4106 1000 4194 inprobe,
1025 4107 1124 4180 salsa;

277 4341 301 4373 v.
313 4325 364 4372 183.
380 4324 455 4384 Vulg.
470 4324 627 4372 Aurasius.
861 4322 912 4368 188.
928 4335 1024 4370 cunno.
1086 4357 1088 4362 .

237 4448 240 4454 -
315 4415 366 4464 190.
383 4416 451 4472 Qun.
863 4411 913 4459 191.
930 4409 1074 4457 Ranucnnn.
