2844 5130
487 424 525 500 Q:
551 423 764 488 Honsrn
797 422 973 486 rnaool
1052 408 1059 419 “

316 631 355 683 25
380 620 560 685 Contemtae
583 620 732 686 dominus
754 620 951 709 splendidior
975 620 1034 699 rei,

379 755 484 834 Quam
508 755 534 818 si
558 755 715 842 quicquid
738 766 808 820 arat
830 755 959 844 inpiger
981 752 1137 843 Appulus

425 889 596 955 Occultare
618 890 697 954 meis
720 889 841 954 dicerer
863 888 997 966 horreis,
1034 976 1048 997 x

469 1022 609 1110 Magnas
632 1024 716 1087 inter
739 1044 816 1110 opes
838 1022 939 1109 inops.

377 1156 475 1221 Purae
497 1146 588 1220 rivus
610 1178 716 1242 aquae,
741 1155 886 1242 silvaque
904 1155 1062 1242 jugerum
1091 1236 1094 1241 Ι

203 1342 207 1347 .
315 1302 353 1353 3ο
378 1291 572 1369 Paucorum,
597 1302 629 1355 et
654 1289 769 1377 segetis
793 1301 880 1355 certa
902 1287 981 1354 fides
1004 1292 1098 1375 mete,

423 1424 585 1512 Fulgente
606 1421 741 1512 imperio
764 1422 879 1487 fertilis
902 1421 1027 1487 Africae'

466 1555 566 1620 Fallit
590 1569 674 1621 sorte
695 1555 829 1621 beatior.

375 1690 579 1775 Quamquam
601 1711 660 1753 nec
673 1667 832 1753 ¹Calabrae
855 1685 950 1751 mella
972 1685 1085 1750 ferunt
1108 1680 1197 1771 apes,

374 1821 442 1886 Nec
467 1822 694 1910 Laestrygonia
717 1820 863 1886 Bacchus
886 1819 919 1883 in
943 1817 1100 1907 amphora

309 1968 347 2020 35
394 1956 614 2044 ·Langnescit
637 1957 727 2036 mihi,
750 1978 807 2020 nec
824 1952 978 2042 ‘pinguia
991 1951 1128 2017 Gallicis

465 2091 622 2155 Crescunt
645 2089 764 2154 vellera
785 2087 932 2176 pascuis;

373 2223 555 2309 Inportuna
578 2238 684 2287 tamen
708 2220 877 2309 pauperies
900 2219 1010 2284 abest:

371 2355 451 2433 Nec,
476 2355 503 2418 si
525 2354 621 2443 plura
644 2354 751 2431 velim,
776 2363 813 2416 tu
837 2353 913 2418 dare
936 2351 1083 2439 deneges.
1138 2370 1145 2433 ζ

417 2488 591 2553 Contracto
613 2487 730 2552 melius·
750 2509 852 2573 parva
874 2485 1026 2572 cupidine

308 2634 346 2683 40
460 2620 639 2709 Vectigalia¹
660 2621 835 2708 porrigam,
905 2625 909 2631 “

370 2756 474 2833 Quam
498 2755 525 2818 si
550 2747 741 2842 Mygdoniis
763 2774 901 2840 regnum
924 2751 1070 2839 Alyattei
1176 2765 1179 2771 “

369 2885 500 2973 Campis
523 2883 717 2950 continuem.
741 2883 844 2948 multa
867 2878 1061 2971 petentibus

414 3016 542 3082 Desunt
565 3017 677 3082 multa.
702 3016 783 3081 bene
806 3026 866 3093 est,
890 3014 944 3078 cui
968 3015 1059 3078 Deus
1082 3012 1210 3080 obtulit

459 3150 563 3215 Parca
585 3138 683 3237 quod¹
698 3149 777 3214 satis
797 3158 845 3213 est
868 3152 991 3213 manu.'·

646 3439 785 3514 xvir.
823 3528 827 3533 Δ

505 3633 557 3681 ΔΙ)
588 3632 727 3683 AELIUM
758 3632 927 3682 LAMIAM.

277 3778 282 3800 ¹
366 3775 475 3872 ΕΗ,
498 3805 628 3859 vetusto
649 3795 766 3872 nobilis
788 3794 830 3859 ab
855 3795 969 3872 Lamo,

367 3925 521 4009 (Quando
543 3938 575 3991 et
599 3926 720 4015 priores
742 3927 817 3991 hinc
841 3927 971 3992 Lamias
995 3925 1106 3992 ferunt
1161 3909 1164 3913 .

294 4073 297 4080 ‘
414 4059 663 4136 Denominatos;
689 4067 721 4126 et
744 4070 898 4148 nepotum

457 4193 520 4255 Per
544 4216 696 4259 memores
719 4216 831 4281 genus·
844 4215 937 4258 omne
959 4191 1059 4258 fastos

265 4366 336 4412 aro.
354 4364 428 4422 Vulg.
445 4366 502 4412 Nor
520 4372 603 4414 riona.
691 4369 729 4416 31.
746 4368 909 4416 Furornrras.
998 4368 1035 4414 41.
1052 4366 1208 4417 Anramcr.
