2844 5130
320 796 346 930 J
374 871 377 876 .
430 823 472 909 o.
500 822 746 903 uonArn
763 822 948 896 rnnoor

347 1056 1034 1196 suanorum

386 1310 387 1314 Ν
513 1363 632 1418 trnnn
662 1321 876 1419 snouunus.

494 1629 907 1642 m

468 1938 470 1942 μ
567 1860 763 1925 uenosi.
789 1859 819 1922 1.
905 1958 906 1962 Ν

191 2059 296 2143 Sum
319 2071 439 2160 quibus
460 2072 494 2136 in
519 2073 624 2137 Satira
645 2072 756 2137 videar
777 2071 977 2149 nimis-acer,
999 2083 1035 2136 et
1057 2069 1145 2155 ultra

193 2200 314 2297 Legem
338 2208 467 2273 tendere
489 2231 590 2295 opus:
616 2208 684 2272 sine
705 2209 812 2273 nervis
835 2208 947 2287 altera,
971 2206 1128 2296 quicquid

194 2341 370 2429 Conposui,
392 2363 468 2429 pars
489 2364 557 2406 esse
579 2352 687 2428 putat,
711 2340 888 2427 similisque
911 2362 1054 2405 meorum
1087 2320 1093 2336 ⁸

125 2525 128 2530 n
193 2473 289 2538 Mille
304 2473 363 2539 -die
385 2495 496 2538 versus
519 2472 635 2537 deduci
658 2495 760 2559 posse.
808 2471 956 2550 Trebati,
1012 2472 1019 2484 “
1065 2511 1068 2516 -

150 2618 168 2669 5
193 2605 280 2683 Quid
302 2604 429 2686 faciam,
451 2605 633 2696 praescribe.
681 2603 842 2682 Quiescas.
889 2604 940 2667 Ne
962 2603 1089 2681 faciam,
1112 2603 1237 2690 inquis,

195 2737 335 2802 Omnino
357 2740 494 2802 versus?
531 2737 615 2802 Aio,
650 2739 784 2801 Peream
807 2735 900 2815 male,
925 2734 1037 2800 sinon
1073 2752 1074 2755 ’

194 2869 363 2956 Optimum
386 2881 474 2935 erat:
498 2890 611 2935 verum
633 2891 758 2956 nequeo
780 2867 929 2932 dormire.
977 2868 1045 2931 Ter
1068 2868 1158 2933 uncti

195 3003 403 3066 Transnanto
425 3001 584 3080 Tiberim,
608 3023 719 3066 somno
741 3000 861 3089 quibus
883 3012 931 3065 est
953 3023 1036 3088 opus
1056 3001 1144 3077 alt03

196 3135 433 3230 lnriguumque
456 3157 543 3200 mero
566 3133 626 3198 sub
650 3145 776 3199 noctem
797 3154 915 3220 corpus
937 3131 1085 3197 habento.
1112 3173 1121 3188 ι

137 3281 173 3332 10
196 3268 276 3346 Aut,
301 3267 327 3331 si
351 3278 461 3338 tantus
484 3284 574 3331 amor
597 3266 756 3331 scribendi
779 3277 811 3331 te
834 3265 933 3352 capit,
954 3265 1041 3330 audo

197 3398 333 3464 Caesaris
354 3397 468 3463 invicti
489 3421 540 3462 res
562 3399 678 3478 dicere,
702 3399 805 3463 multa
826 3398 973 3463 laborum

197 3530 336 3626 Praemia
357 3531 509 3596 laturus„
540 3531 717 3618 Cupidum‚
740 3540 833 3618 pater
855 3530 986 3617 optime,
1010 3530 1095 3596 vires

197 3662 379 3728 Deficiunt:
404 3663 616 3751 nequeenim
638 3662 745 3749 quivis
766 3662 931 3727 horrentia
951 3663 1027 3750 pilis
1138 3627 1141 3632 ¹

198 3793 346 3882 Agmina,
369 3817 427 3859 nec
448 3793 553 3859 fracta
573 3793 737 3881 pereuntis
759 3793 891 3880 cuspide
916 3793 1040 3874 Gallos,

139 3939 174 3991 15
198 3927 265 3992 Aut
287 3926 424 3992 labentis
447 3949 532 4013 equo
554 3926 708 3991 describit
729 3926 860 3990 volnera
882 3926 1006 3990 Parthi.

200 4059 348 4122 Attamen
372 4070 405 4124 et
423 4059 550 4147 justum
573 4072 700 4145 poteras
722 4069 756 4122 et
779 4057 915 4124 scribere
937 4057 1067 4139 fortem,

201 4190 383 4279 Scipiadam
405 4202 443 4257 ut
466 4191 591 4278 sapiens
615 4190 774 4256 Lucilius.
802 4190 922 4256 .Haud
945 4191 1024 4255 mihi
1047 4191 1192 4271 deero,='

267 4397 269 4402 r
343 4360 415 4412 v.·l⁰.
431 4362 505 4422 Vulg.
521 4362 613 4411 Ruris.
847 4364 885 4412 15.
899 4363 1050 4413 Dnscnrnnr.
