2844 5130
433 489 705 557 SERMONUM
737 489 813 552 Lis.
833 488 881 551 II.
907 499 933 551 8.

135 706 168 759 55
189 695 226 759 In
247 692 387 782 patinam
410 690 522 768 fecere,
547 688 706 755 trahentia
727 687 869 774 pulveris
891 686 954 751 atri

191 829 349 906 Quantum
372 847 436 888 non
460 822 579 911 Aquilo
604 821 776 909 Campanis
799 819 917 886 excitat
940 817 1034 907 agris.

192 961 253 1024 Nos
274 960 378 1046 majus
400 956 506 1035 veriti,
529 967 702 1045 postquam
724 953 805 1018 nihil
827 976 893 1017 esse
916 951 1026 1040 pericli

195 1093 357 1168 Sensimus,
381 1089 543 1177 erigimur.
591 1087 700 1152 Rufus
723 1087 827 1174 posito
850 1085 965 1174 capite,
989 1096 1027 1149 nt
1050 1085 1077 1148 si

193 1224 287 1289 Filius
309 1224 489 1317 inmaturus
511 1221 640 1299 obisset,
663 1220 747 1284 flere.
772 1219 845 1305 quis
868 1230 949 1283 esset

150 1356 286 1436 scrinis,
309 1357 344 1422 ni
367 1355 491 1444 sapiens
514 1354 558 1420 sic
582 1355 801 1419 Nomentanus
824 1351 960 1417 amicum

195 1491 352 1556 Tolleret?
391 1491 481 1567 Heu,
506 1488 663 1566 Fortuna,
687 1488 761 1574 quis
784 1497 832 1552 est
855 1486 1014 1551 crudelior
1036 1485 1069 1548 in
1092 1506 1149 1548 nos

195 1623 238 1687 Te
259 1624 372 1688 Deus?
403 1633 442 1687 nt
465 1644 587 1709 semper
609 1622 730 1709 gaudes
752 1620 898 1685 inludere
920 1620 1016 1685 rebus

195 1756 365 1821 Humanis!
406 1756 522 1820 Varius
544 1778 662 1842 mappa
684 1777 870 1842 conpescere
893 1754 993 1818 risum

195 1886 248 1952 Vix
270 1897 407 1977 poterat.
455 1885 586 1952 Balatro
609 1887 803 1974 suspendens
825 1887 932 1951 omnia
954 1909 1042 1963 naso,

153 2017 178 2077 65
195 2018 267 2084 Hac
293 2030 341 2084 est
363 2018 503 2083 conditio
525 2019 665 2096 vivendi,
689 2019 812 2085 aiebat:
837 2043 938 2105 eoque

196 2151 393 2240 Responsura
415 2162 472 2216 tuo
494 2173 671 2238 numquam
694 2162 741 2215 est
764 2174 824 2238 par
846 2151 932 2215 fama
953 2149 1065 2214 labori.

197 2282 288 2364 Tene,
313 2296 351 2348 ut
374 2307 433 2372 ego
457 2283 593 2370 accipiar
615 2284 714 2362 laute,
739 2284 917 2371 torquerier
939 2283 1024 2347 omni
1106 2307 1108 2319 ·

198 2415 411 2480 sollicitudine
434 2415 634 2490 districtum
659 2439 699 2480 ne
722 2417 814 2502 panis
837 2416 982 2494 adustus,

197 2546 238 2611 Ne
259 2547 342 2612 male
365 2547 527 2612 conditum
547 2547 603 2634 jus
626 2548 825 2634 adponatur;
851 2559 889 2612 ut
912 2569 1019 2611 omnes

154 2680 180 2736 70
197 2675 358 2743 Praecincti
380 2689 464 2743 recte
486 2678 579 2766 pueri
601 2680 762 2765 conatique
785 2666 989 2743 ministrent?

196 2810 281 2875 Adde
303 2811 362 2874 hos
384 2822 539 2898 praeterea
561 2833 671 2885 casus;
697 2812 799 2877 aulaea
820 2823 916 2875 ruant
940 2811 977 2890 si,

197 2941 239 3007 Ut
260 2943 376 3018 modo;
402 2944 428 3008 si
451 2944 593 3033 patinam
615 2944 696 3031 pede
718 2945 827 3010 labsus
850 2945 979 3032 frangat
1002 2967 1107 3030 agaso.

198 3075 254 3140 Sed
276 3076 500 3154 convivatoris,
525 3077 574 3142 uti
597 3077 699 3156 ducis,
723 3078 887 3166 ingenium
910 3101 959 3143 res

197 3207 342 3273 Adversas
364 3208 486 3273 nudare
510 3210 622 3287 solent,
646 3210 746 3274 celare
770 3209 924 3285 secundas.

146 3335 179 3394 7⁵
197 3339 384 3407 Nasidienus
407 3344 448 3407 ad
471 3343 557 3408 haec:
584 3343 663 3408 Tibi
686 3345 741 3422 Di,
767 3365 978 3431 quaecumque
1001 3341 1148 3429 preceris,

198 3473 368 3540 Commoda
390 3476 486 3555 dept3
511 3478 558 3541 ita
579 3478 629 3541 vir
651 3478 756 3542 bonus
778 3502 822 3555 es,
847 3477 1043 3562 convivaque
1065 3474 1180 3538 comis:

197 3605 238 3671 Et
261 3609 361 3673 soleas
383 3609 496 3696 poscit.
521 3621 591 3674 turn
614 3610 646 3673 in
669 3610 751 3674 lecto
775 3633 905 3697 quoque
927 3609 1050 3673 videres

198 3739 334 3804 Stridere
358 3753 476 3806 secreta
498 3742 616 3806 divisos
639 3765 716 3806 aure
740 3766 894 3807 susurros.

198 3869 309 3935 Nullos
331 3872 382 3936 his
405 3873 530 3938 mallem
554 3874 647 3938 ludos
671 3886 845 3963 spectasse:
872 3862 926 3939 sed
948 3873 1004 3938 illa

147 3994 178 4052 ⁸0
197 4002 317 4082 Redde,
341 4028 412 4093 age,
436 4029 510 4093 quae
533 4006 680 4094 deinceps
703 4007 810 4073 risisti.
857 4007 1005 4081 Vibidius
1029 3994 1130 4069 dumx

199 4137 317 4214 Quaerit
340 4137 381 4203 de
404 4140 523 4226 pueris,
548 4162 625 4204 num
650 4140 690 4204 sit
714 4163 844 4227 quoque
866 4141 968 4205 fracta
990 4140 1114 4228 lagena,

201 4267 291 4344 Quod
316 4270 376 4335 sibi
399 4273 541 4359 poscenti
564 4295 627 4361 non
651 4272 767 4338 dentur
790 4273 923 4359 poeula3
949 4273 1093 4359 dumque

202 4401 337 4468 Ridetur
361 4405 443 4470 fictis
466 4430 584 4484 rerum,
610 4407 780 4471 Balatrone
804 4385 958 4472 secundos
