2828 5122
538 495 631 560 Ans
662 453 886 560 Poxrrcn.

208 693 377 759 Nocturna
399 703 523 757 versate
545 715 655 770 manu,
679 666 803 758 versate
823 654 952 757 diurna.
1023 744 1027 751 .

125 840 184 899 270
208 828 252 892 At
276 826 374 892 vestri
396 825 509 914 proavi
532 826 702 892 Plautinos
724 836 757 891 et
779 846 930 895 numeros
951 833 984 888 et
1015 818 1017 823 ¹

208 938 399 1024 Laudavere
422 959 521 1032 salem
547 957 683 1023 nimium
705 958 864 1047 patienter
886 966 1073 1042 utrumque,

208 1091 260 1156 Ne
282 1091 386 1156 dicam
410 1091 521 1169 stulte,
544 1091 669 1156 mirati:
695 1090 722 1155 si
745 1088 843 1157 modo
864 1112 924 1177 ego
947 1100 978 1154 et
1001 1111 1058 1155 ros

211 1225 336 1290 Scimus
358 1225 553 1290 inurbanum
575 1224 684 1312 lepido
707 1246 857 1313 seponere
879 1222 978 1301 dicto,

209 1359 475 1446 Legitimumque
497 1380 610 1423 sonum
634 1358 746 1445 digitis
768 1358 920 1423 callemus
942 1367 975 1423 et
997 1377 1083 1421 aure.

125 1505 183 1565 275
209 1493 364 1579 Ignotum
390 1492 539 1579 Tragioae
562 1514 664 1578 genus
686 1491 846 1557 invenisse
869 1492 1019 1556 Camenoe
1081 1572 1084 1577 Ι
1196 1526 1199 1533 .

209 1624 351 1701 Dicitur,
374 1634 407 1688 et
429 1622 584 1711 plaustris
605 1623 729 1688 vexisse
751 1631 900 1710 poemata
924 1621 1064 1708 Thespis

211 1757 276 1835 Qui
298 1746 445 1822 canerent
469 1767 677 1843 agerentque,
700 1755 849 1844 peruncti
870 1753 1006 1823 faecibus
1028 1776 1093 1821 ora.
1211 1836 1215 1846 ,

211 1891 290 1953 Post
313 1889 398 1954 hunc
421 1910 566 1976 personae
587 1888 749 1977 pallaeque
766 1898 913 1976 repertor
933 1887 1076 1953 honestae
1153 1950 1157 1958 .

212 2023 385 2111 AEschylos
407 2034 439 2087 et
462 2021 595 2087 modicis
617 2022 766 2088 instravit
788 2021 919 2109 pulpita
940 2020 1051 2108 tignis,

127 2170 186 2227 280
209 2157 390 2222 Et'docuit
412 2179 631 2245 magnumque
653 2157 755 2245 loqui,
779 2156 905 2243 nitique
927 2146 1096 2221 cothurno.

212 2291 369 2356 Successit
393 2302 486 2356 vetus
508 2291 560 2355 his
584 2291 762 2369 Comoedia,
786 2313 849 2355 non
873 2289 941 2355 sine
962 2289 1067 2355 multa
1086 2358 1088 2365 ,

1242 491 1310 559 309

188 2424 343 2517 laude:
370 2424 425 2489 sed
447 2425 481 2488 in
507 2424 622 2488 vitium
644 2425 776 2490 libertas
799 2424 932 2504 excidit,
956 2435 987 2489 et
1010 2422 1076 2487 rim
1185 2482 1187 2488 ,
1280 2449 1289 2459 ·

211 2559 353 2646 Dignam
376 2557 447 2644 lege
469 2558 558 2643 regi:
583 2557 636 2620 lex
660 2569 708 2622 est
731 2570 881 2646 accepta:
906 2558 1088 2645 chorusque

213 2670 543 2778 Turpiter'obticuit,
567 2688 696 2753 sublato
714 2690 790 2776 jure
812 2689 956 2767 nocendi.

128 2834 186 2887 285
211 2823 268 2887 Nil
290 2822 485 2889 intentatum
508 2820 609 2886 nostri
631 2821 756 2907 liquere
779 2828 901 2908 poetae:
960 2878 964 2885 ,

212 2957 280 3021 Nec
303 2957 471 3022 minimum
494 2977 638 3021 meruere
661 2954 769 3032 decus,
793 2953 929 3042 vestigia
953 2952 1069 3019 Graeca
1128 2992 1133 3005 ι

160 3172 162 3177 Ι
212 3093 291 3156 Ausi
315 3091 470 3168 deserere,
495 3101 527 3154 et
549 3089 709 3154 celebrare
732 3087 906 3154 domestica
927 3087 1025 3166 facta,

212 3223 272 3287 Vel
296 3223 353 3310 qui
378 3224 569 3317 Praetextas,
593 3222 645 3287 vel
668 3221 727 3309 qui
749 3220 886 3286 docuere
911 3221 1066 3308 Togatas.

213 3357 282 3421 Nec
305 3356 427 3421 virtute
449 3355 533 3420 foret
556 3356 689 3420 clarisve
712 3354 877 3443 potentius
899 3353 1007 3432 armis,

130 3505 189 3567 290
213 3492 318 3569 Quam
341 3489 463 3577 lingua,
489 3487 643 3563 Latium;
670 3488 696 3552 si
720 3511 785 3552 non
808 3486 982 3552 offenderet
1005 3508 1121 3550 unum-

215 3625 384 3709 Quemque
406 3629 576 3710 poetarum
598 3620 684 3687 limae
705 3620 798 3685 labor
821 3631 853 3685 et
876 3628 1067 3720 moravos,
1092 3620 1111 3683 ὂ

216 3755 397 3843 Pompilius
420 3755 561 3849 sanguia,
586 3776 713 3819 carmen
735 3752 970 3841 reprehendite,
993 3753 1084 3840 quod
1106 3773 1170 3817 non

218 3887 328 3952 Multa
351 3887 418 3952 dies
441 3898 474 3952 et
497 3887 601 3952 multa
623 3887 722 3951 litura
745 3887 898 3965 coercuit,
922 3898 1021 3972 atque

146 4002 147 4006 Ἰ
217 4020 413 4084 Praesectum
436 4019 540 4084 decies
563 4041 626 4084 non
650 4019 820 4126 castigavit
841 4018 884 4084 ad
908 4022 1059 4106 unguem.

132 4165 189 4226 295
216 4151 389 4240 Ingenium
411 4151 526 4217 misera
549 4153 628 4238 quia
650 4150 847 4217 fortunatius
870 4164 939 4216 arte

217 4287 343 4365 Credit,
367 4298 398 4351 et
422 4288 566 4352 excludit
590 4310 682 4352 sanos
706 4286 863 4350 Helicone
886 4295 998 4374 poetas

272 4464 360 4518 arro.
379 4463 452 4523 Vulg.
468 4463 574 4512 Nosrni.
662 4461 715 4510 277.
732 4462 857 4519 Quacan.
946 4461 1000 4511 294.
1016 4461 1177 4511 Prurncrun.
