2844 5130
430 506 707 578 :snRMONUM
739 513 816 577 Lrn.
834 513 862 578 1.
887 517 914 578 l.

174 696 298 773 Delatis
320 707 421 796 capsis
444 722 476 774 et
490 709 653 797 imagine:
678 732 751 774 cum
773 732 843 777 mea
864 722 956 775 nemo'

174 838 299 929 Scripta
321 841 407 928 legat
429 841 525 927 volgo
547 841 679 905 recitare
699 841 852 919 timentis,
875 842 917 906 ob
938 840 1024 907 hanc·
1042 862 1120 918 rem,

173 971 268 1048 Quod
290 983 367 1035 suut
388 995 470 1059 quos
491 994 593 1059 genus
614 972 675 1036 hoc
696 972 824 1037 minime
842 973 956 1060 juvat3
982 984 1095 1060 utpote
1115 971 1217 1060 pluris

106 1113 149 1165 25
174 1102 307 1189 Culpori
330 1102 453 1190 dignos.
477 1103 623 1190 quemvis
645 1104 749 1169 media
770 1105 858 1191 elige
874 1104 989 1177 turba;

172 1234 239 1298 Aut
261 1235 302 1299 ab
324 1234 476 1311 avaritia3
500 1246 557 1299 aut
580 1235 693 1301 misera
715 1235 886 1300 ambitione
908 1234 1042 1300 laborat.

171 1365 238 1429 Hic
259 1367 432 1453 nuptarum
446 1366 572 1430 insanit
595 1367 766 1444 amoribus,
789 1367 841 1431 hic
862 1388 1053 1454 puerorum:

171 1497 270 1562 Hunc
293 1498 378 1585 capit
399 1495 524 1584 argenti
547 1497 713 1584 splendor:
741 1509 848 1584 stupet
871 1498 986 1563 Albius
1008 1520 1087 1562 aere:

170 1627 236 1691 Hic
258 1639 361 1693 mutat
384 1651 502 1714 merces
524 1641 674 1716 surgente
697 1652 717 1694 a
739 1629 814 1707 sole,
838 1628 886 1693 ad
902 1653 975 1694 eum
998 1652 1064 1715 quc

104 1771 147 1821 30
174 1759 357 1846 vespertina
380 1770 468 1849 tepet
488 1760 603 1847 regior⁴
619 1761 698 1847 quin
720 1782 778 1846 per
800 1760 883 1824 mala
904 1783 1046 1846 praeceps

170 1891 299 1969 Fertur,
311 1892 372 1956 ⁴uti
393 1892 501 1979 pulvis
513 1891 674 1972 ‚collectus
696 1885 827 1963 turbine'
833 1917 843 1964 3
871 1913 911 1955 ne
933 1890 1013 1977 quid

171 2025 302 2091 Summa
324 2025 477 2112 deperdat
499 2037 655 2102 metuens,
678 2035 736 2089 aut
757 2023 889 2110 ampliet
911 2033 949 2087 ut
961 2037 1047 2093 rem.

168 2155 287 2220 Omnes
307 2154 342 2219 bi
362 2167 511 2221 metuunt
533 2179 655 2233 versus,
678 2155 773 2220 odere
794 2162 930 2242 poetam,

168 2287 307 2352 Foeuum
328 2287 427 2353 habet
446 2288 481 2352 iu
505 2310 622 2352 cornu:
646 2288 740 2374 louge
763 2286 849 2375 fuge.
874 2284 1047 2352 dummodo
1068 2285 1168 2350 risum

104 2431 144 2483 35
169 2418 324 2509 Excutiat
346 2418 418 2497 sibi,
440 2442 505 2485 non
526 2419 579 2484 hic
601 2419 749 2507 cuiquam
772 2431 882 2507 parcet
904 2418 1021 2484 amico:

167 2551 216 2616 Et
236 2550 472 2638 quodcumque⁴
484 2553 579 2616 semel
601 2551 718 2617 chartis
739 2550 896 2629 inleverit,
920 2550 1021 2620 omnis

170 2682 293 2748 Gestiet
306 2706 335 2748 a
355 2683 637 2761 furnorcdeuntis
659 2684 737 2749 scire
759 2684 906 2770 lacuque,

169 2816 214 2880 Et
235 2838 351 2903 pueros
368 2828 409 2881 et.
427 2818 516 2881 auus.
564 2816 722 2905 Agedum,
745 2839 848 2904 pauca
868 2816 977 2905 accipe
996 2829 1117 2882 contra.

168 2946 312 3014 Primum
334 2971 466 3035 egome
487 2948 627 3026 illorum,
651 2949 791 3014 dederim
814 2949 932 3037 quibus
954 2973 1020 3015 esse
1041 2950 1156 3038 poctis,

101 3093 144 3143 40
169 3079 348 3167 Excerpam
363 3101 530 3144 numerat.
545 3093 647 3167 neque
670 3081 753 3145 enim
776 3081 963 3150 concludere
985 3104 1111 3156 versum

167 3209 384 3293 Dixeriamae
406 3211 501 3286 satis3
526 3234 629 3298 neque
652 3212 678 3276 si
700 3211 757 3298 qui
780 3212 913 3290 scribat,
931 3213 980 3292 uti
1003 3236 1071 3291 nos,

167 3341 309 3406 Semoni
331 3342 492 3429 propiora,
513 3354 608 3430 putes
629 3343 715 3407 hunc
738 3361 803 3408 esse
825 3351 962 3430 poetam.

166 3472 413 3566 Ingeniumflcui
428 3473 488 3553 sit,
508 3475 563 3539 cui
585 3487 676 3541 mens.
695 3473 842 3552 divinior,
866 3485 964 3561 atquc
985 3497 1021 3538 cs
1138 3519 1141 3526 -

164 3606 509 3694 Magnarscnaturum,
533 3607 588 3672 des
610 3606 745 3671 nominis
761 3606 866 3693 hujus
887 3605 1046 3670 honorem.

94 3752 140 3805 45
166 3737 292 3803 Idcirco
314 3739 457 3826 quidam,
482 3738 647 3804 Comoedia
668 3761 765 3804 necne
787 3746 900 3825 poema

155 3872 272 3952 Esset,
296 3871 487 3959 quaesivere:
511 3869 611 3957 quod,
635 3894 705 3938 acer
728 3869 858 3958 spiritus
881 3869 989 3939 aevis
1091 3911 1112 3921 „

163 4001 233 4067 Nec
255 4003 439 4068 verbiscnec
461 4004 563 4069 rebus,
579 4003 680 4076 inest,
704 4002 765 4066 nisi
788 4001 877 4087 quod
898 3999 979 4086 pede
1001 4011 1087 4065 certo

163 4133 283 4198 Differt
305 4135 458 4213 sermoni,
476 4157 576 4205 sermo
598 4157 712 4199 merus.
759 4135 802 4216 At
824 4144 915 4218 pater
937 4132 1054 4210 ardens¹
1143 4124 1145 4128 ¹

217 4348 378 4408 v.25.Vulg.
395 4349 475 4403 Erus.
591 4351 628 4397 26.
645 4349 845 4396 Onsvsmmsu.
918 4382 920 4387 ,
961 4346 1116 4396 saporus.

251 4438 290 4484 39,
307 4437 410 4487 Porrus.
504 4495 508 4502 Ι
594 4441 631 4486 41,
648 4440 672 4486 Sr
688 4455 753 4491 urus.

648 4537 675 4599 B
