2844 5130
135 402 201 490 mn
265 400 271 407 '
486 429 524 504 Q.
550 412 764 492 nonnum
796 415 974 491 uincor

273 637 291 688 5
316 627 413 690 Tunc
436 646 494 690 nec
517 648 605 689 mens
628 625 718 704 mihi,
743 649 801 689 nec
824 627 911 689 color

362 758 460 822 Certa
483 757 556 821 sede
579 768 704 822 manet:
729 758 846 823 humor
870 768 900 822 et
924 758 958 821 in
981 779 1081 844 genas

318 890 447 955 Furtim
470 889 604 969 labitur,
629 912 766 977 arguens

363 1023 466 1099 Quam
490 1021 585 1085 lentis
608 1022 739 1109 penitus
761 1042 901 1087 macerer
923 1021 1064 1110 ignibus.

317 1155 417 1231 Uror,
442 1177 497 1217 seu
523 1124 582 1218 tibi
606 1153 760 1218 candidos

258 1299 293 1349 10
363 1287 557 1373 Turparunt
580 1286 731 1350 humeros
752 1285 922 1351 inmodicae
945 1308 1034 1350 mero

319 1418 435 1493 Rixae;
461 1387 528 1482 sive
550 1440 631 1506 puer
654 1418 766 1483 furens

364 1543 521 1637 Inpressit
544 1571 715 1614 memorem
739 1549 836 1613 dente
858 1549 958 1614 labris
981 1560 1099 1614 notam.

317 1684 405 1761 Non,
428 1683 456 1750 ni
479 1703 531 1747 me
553 1683 631 1748 entis
653 1682 778 1761 audias,
884 1703 886 1708 ⁴

365 1817 480 1902 Speres
499 1823 709 1903 perpetuum,
734 1814 843 1879 dulcia
864 1814 1001 1878 barbare

259 1959 293 2011 15
318 1948 508 2013 Laedentem
527 1947 652 2025 oscula,
676 1969 750 2033 quae
774 1948 885 2011 Venus
924 2024 927 2031 ¹

364 2079 487 2157 Quinta
509 2091 601 2167 parte
624 2078 674 2142 sui
697 2078 834 2143 nectaris
857 2077 979 2175 inbuit3

319 2211 443 2276 Felices
466 2221 515 2275 ter
539 2214 582 2275 et'
595 2211 744 2298 amplius,

309 2311 312 2322 Ι
365 2344 455 2420 Quos
477 2343 611 2429 inrupta
634 2353 721 2406 tenet
744 2341 882 2430 oopula3
909 2365 966 2407 nec
989 2341 1081 2406 malis

319 2445 705 2561 Divolsus'querimoniis

258 2620 296 2670 20
366 2608 524 2694 Suprema
545 2606 642 2671 citius
666 2605 768 2670 solvet
790 2628 879 2670 amor
903 2605 965 2670 die.

659 3058 794 3133 XIV.
832 3050 836 3060 ’

320 3280 358 3363 0
385 3320 504 3377 nuvrs,
528 3300 667 3364 referent
689 3300 723 3363 in
747 3322 835 3364 mare
859 3311 891 3364 te
914 3299 989 3363 novi

320 3431 481 3496 Fluctus?
513 3432 533 3494 ὃ
556 3429 637 3518 quid
661 3431 756 3519 agis?
787 3426 915 3496 fortiter
938 3453 1059 3518 occupa
1085 3462 1087 3467 ·

366 3563 512 3627 Portum.
537 3585 642 3627 nonne
665 3561 766 3641 vides,
792 3568 830 3626 ut

411 3693 549 3757 Nudum
572 3693 704 3781 remigio
727 3694 825 3772 latus,

280 3839 297 3890 5
322 3826 368 3890 Et
393 3814 496 3890 malus
519 3825 611 3890 celeri
637 3825 762 3889 saucius
787 3823 908 3903 Africo,

320 3959 543 4046 Antennaeque
565 3968 712 4046 gemant:
738 3981 774 4020 ac
799 3958 865 4023 sine
889 3956 1022 4022 funibus

367 4090 430 4153 Vix
454 4091 571 4155 durare
594 4089 710 4153 carinae

413 4223 540 4286 Possint
564 4221 765 4307 imperiosius

594 4401 617 4444 i.
628 4399 651 4444 6.
669 4395 743 4454 Vulg.
758 4395 878 4443 Meneni.
