2844 5130
138 391 204 475 272

487 394 524 470 Q.
551 386 761 456 Honnrn
794 386 970 456 senem

382 589 456 653 Non
481 589 547 653 sola
569 600 690 654 comtos
712 590 790 654 arsit
813 589 951 654 adulteri

382 721 487 785 Crinis
509 732 541 785 et
564 744 679 786 aurum
703 722 846 786 vestibus
869 721 1009 800 inlitum,

250 836 256 847 ’
322 866 357 918 15
428 854 550 919 Mirata
571 855 751 942 regalisque
774 854 883 918 cultus

472 988 518 1052 Et
541 987 683 1066 comites,
707 987 832 1052 Helene
855 989 1013 1052 Lacaena:

381 1119 551 1183 Primusve
576 1121 702 1184 Teucer
725 1120 789 1184 tela
812 1120 960 1209 Cydonio

382 1251 511 1316 Direxit
534 1275 631 1317 arcu:-
663 1270 725 1319 non
750 1255 845 1319 semel
870 1254 948 1318 Ilios

428 1386 568 1449 Vexata:
602 1409 666 1450 non
690 1387 848 1474 pugnavit
871 1387 983 1475 ingens

321 1531 360 1583 20
463 1519 667 1584 'Idomeneus
690 1520 899 1585 Sthenelusve
922 1522 1010 1586 solus

382 1654 528 1719 Dicenda
552 1655 658 1719 Musis
681 1655 813 1741 proelia:
850 1678 915 1719 non
936 1655 1030 1719 ferox·

383 1788 517 1866 Hector,
542 1788 593 1852 vel
615 1811 687 1852 acer
710 1787 900 1876 Deiphobus
922 1789 1034 1875 gravis

428 1919 568 2007 Excepit
590 1921 674 1985 ictus
697 1943 756 2008 pro
779 1920 905 2008 pudicis

474 2053 676 2141 Conjugibus
698 2053 872 2142 puerisque
894 2033 1037 2140 primus:

233 2185 236 2190 ’
322 2197 370 2248 25,
384 2185 500 2249 Vixere
522 2185 622 2249 fortes
645 2197 718 2251 ante
742 2187 980 2273 Agamemnona

382 2317 504 2391 Multi;
531 2317 586 2382 sed
609 2341 717 2382 omnes
740 2317 983 2383 inlacrimabiles

429 2450 621 2536 Urguentur
644 2451 811 2536 ignotique
834 2451 932 2537 longa

473 2585 587 2662 Nocte,
612 2594 719 2648 carent
743 2585 820 2671 quia
844 2598 915 2648 vate
939 2607 1037 2649 sacro,

383 2722 535 2785 Paullum
559 2720 694 2809 sepultae
716 2722 815 2787 distat
838 2723 963 2788 inertiae

322 2873 360 2924 30
383 2860 496 2925 Celata
518 2861 631 2927 virtus.
655 2885 720 2927 non
743 2884 803 2949 ego
826 2873 859 2926 te
881 2862 959 2927 meis

429 2999 558 3064 Chattis
580 2976 763 3064 inornatum
787 2999 898 3078 silebo,

473 3132 592 3197 Totve·
604 3094 677 3196 tuos
700 3131 805 3219 patiar
827 3131 952 3196 labores

383 3266 523 3352 Inpune,
548 3263 648 3342 Lolli,
671 3287 800 3352 carpere
823 3263 939 3328 lividas

382 3397 576 3462 Obliviones.
600 3409 648 3462 est
671 3398 796 3462 animus
819 3397 880 3462 tibi

320 3542 357 3595 35
428 3531 616 3618 Rerumque
639 3531 793 3618 prudenS,
816 3541 849 3595 et
873 3531 1020 3595 secundis

474 3662 691 3751 Temporibus
714 3662 887 3749 dubiisque
910 3673 1036 3738 rectus;

383 3794 510 3859 Vindex
535 3819 639 3859 avarae
662 3794 798 3872 fraudis,
822 3807 854 3859 et
877 3794 1038 3860 abstinens

382 3929 539 3992 Ducentis
562 3927 604 3992 ad
629 3951 661 3992 se
684 3938 801 3992 cuncta
823 3928 984 4014 pecuniae:

429 4064 615 4150 Consulque
638 4085 701 4126 non
726 4063 822 4127 unius
843 4064 936 4138 anni;

321 4207 360 4257 40
475 4198 549 4276 Sed,
574 4198 722 4284 quotiens
744 4197 848 4261 bonus
871 4207 970 4284 atque
992 4196 1078 4262 fidus

544 4340 548 4349 ¹
612 4386 635 4417 v.
646 4371 683 4417 31.
700 4369 774 4428 Vulg.
790 4371 885 4418 Smrnr.
