2844 5130
464 503 735 570 SERMONUM
768 504 844 567 Lm.
861 504 889 567 Ι.
910 517 944 577 7,

213 701 271 764 lut
292 702 319 765 si
341 701 525 789 dispanbus
545 701 666 767 bellum
687 702 818 780 incidat,
843 714 880 767 ut
904 702 1052 771 Diomedi

213 834 288 897 Cum
311 832 593 923 LycioGlauoot-
615 833 756 899 discedat
778 835 911 932 pigrior,
935 835 1023 901 ultro

211 966 395 1030 Muneribus
417 955 529 1032 missis.
577 966 680 1031 Bruto
702 977 840 1055 praetore
862 978 988 1035 tenente

209 1096 312 1160 Ditem
336 1097 455 1176 Asiam,
480 1098 594 1185 Rupili
615 1109 648 1164 et
671 1099 762 1163 Persi
783 1122 842 1186 par
864 1110 1001 1186 pugnat,
1025 1098 1075 1167 uti
1097 1121 1160 1164 non

159 1240 190 1289 20
212 1229 371 1316 Conpositi
394 1230 507 1295 melius
530 1253 604 1295 cum
628 1231 726 1295 Bitho
749 1231 915 1297 Bacchius.
939 1231 974 1295 iu
993 1232 1049 1319 jus

209 1361 299 1425 Acres
320 1375 535 1450 procurrunt;
559 1384 712 1450 magnum
735 1364 951 1451 spectaculum
973 1373 1117 1449 uterque.
1235 1344 1239 1350 Ι

208 1493 331 1558 Persius
353 1495 485 1582 exponit
508 1517 653 1577 causam:
687 1494 874 1560 rideturiab
896 1496 983 1562 omni
1099 1563 1101 1568 ,

207 1625 389 1691 conventu:
422 1627 534 1692 laudat
558 1627 709 1704 Brutum,
733 1627 908 1714 laudatque
931 1628 1108 1694 cohortem:

206 1757 306 1823 Solem
329 1759 413 1824 Asiae
437 1763 577 1825 Brutum
600 1759 752 1848 adpellat,
776 1760 946 1847 stellasque
969 1760 1104 1824 salubris

144 1901 181 1952 25
204 1888 350 1977 Adpellat
373 1893 513 1970 comites,
537 1904 672 1979 excepto
695 1893 804 1980 Rege:
838 1892 957 1956 Canem
979 1892 1082 1970 illum,

204 2022 346 2086 Invisum
370 2024 516 2111 agricolis
539 2023 639 2102 sidus,
664 2024 802 2090 venisse:
836 2024 951 2089 ruebat

203 2153 336 2219 Flumen
360 2166 398 2219 ut
420 2155 600 2235 hibernum,
624 2157 728 2221 fertur
751 2179 826 2243 quo,
839 2179 911 2223 rara
934 2155 1060 2224 secutis.

202 2287 290 2350 Tum
312 2288 530 2353 Praenestinus
554 2288 635 2352 salso
657 2289 824 2375 multoque
846 2288 959 2353 fluenti

201 2419 362 2506 Expressa
380 2421 515 2487 arbusto
538 2422 655 2508 regerit
678 2421 838 2495 convicia3
863 2421 967 2485 durus

138 2563 177 2614 30
201 2551 430 2633 vindemiator,
453 2565 485 2618 et
506 2553 656 2632 invictus,
680 2554 732 2618 cui
755 2576 838 2640 saepe
861 2553 964 2617 viator
997 2601 1011 2626 ,

203 2684 354 2749 Cessisset
377 2706 492 2772 magna
514 2687 695 2772 conpellans
717 2709 793 2749 voce
816 2685 975 2749 cuculum.

202 2817 246 2881 At
270 2817 414 2895 Graecus,
438 2829 609 2905 postquam
631 2830 679 2884 est
704 2819 789 2882 Italo
811 2818 961 2905 perfusus
983 2829 1083 2895 aceto,

202 2948 331 3014 Persius
353 2950 527 3014 exclamat:
562 2951 625 3014 Per
647 2973 790 3038 magnos,
816 2952 928 3029 Brute,-
953 2950 1040 3020 Deos
1062 2961 1094 3013 te
1195 3015 1197 3018 ,

204 3082 280 3159 Oro,
304 3081 362 3167 qui
384 3095 473 3168 reges
496 3083 653 3148 consuesti
676 3084 798 3161 tollere,
822 3105 880 3147 cur
902 3099 965 3146 non
1047 3120 1052 3128 -

135 3228 174 3278 35
203 3214 301 3278 Hunc
317 3215 439 3303 Regem
450 3208 606 3303 jugulas?
630 3238 763 3302 operum
777 3215 849 3293 hoc,
873 3214 1069 3292 mihicrede,
1091 3225 1219 3279 tuorum
1234 3226 1290 3278 est.

542 3586 733 3689 nonoer
769 3628 861 3688 vm.
965 3675 968 3679 .
1047 3676 1049 3680 ,

206 3833 311 3915 Omni
335 3863 469 3915 truncus
491 3874 577 3915 eram
599 3851 746 3929 ficulnus,
770 3852 883 3916 inutile
904 3851 1045 3938 lignum:

204 3986 288 4048 Cum
310 3983 412 4062 faber,
433 3984 574 4047 incertus
598 4006 757 4048 scamnum
781 3985 938 4049 faceretne
961 3982 1127 4071 Priapum,

204 4119 324 4184 Maluit
347 4141 412 4183 esse
436 4119 552 4183 Deum.
600 4119 689 4182 Deus
711 4118 784 4191 inde
807 4141 884 4206 ego,
901 4118 1011 4206 furum
1034 4115 1205 4203 aviumque

203 4253 351 4317 Maxima
372 4251 526 4315 formido:
551 4272 622 4314 nam
646 4252 733 4316 fures
757 4250 869 4315 dextra
892 4256 1025 4328 coercet,

259 4427 598 4486 v.20.vulg.00uoos1ws.
686 4426 723 4472 28.
739 4425 910 4474 Mutruueua.
943 4473 951 4496 ἓ
979 4420 1201 4496 ¹343¹Cousonnrs.
