2844 5130
427 488 695 554 SERMONUM
727 489 804 551 Lis.
822 488 870 552 11.
895 500 922 551 3.

136 685 163 747 65
182 685 302 773 Integer
325 695 373 756 est
396 686 511 750 mentis
534 683 721 772 Damasippi
746 683 906 748 creditor?
937 694 1021 748 esto:

184 816 303 905 Accipe,
328 816 416 903 quod
439 839 614 903 numquam
636 815 750 881 reddas
772 815 861 894 mihi,
886 815 912 879 si
934 814 993 880 tibi
1016 813 1137 887 dicam;

182 949 276 1019 Tune„
287 948 422 1014 insanus
443 948 516 1027 eris,
540 949 566 1013 si
588 947 767 1035 acceperis?
797 969 839 1015 an
860 946 962 1032 magis
984 966 1096 1011 excors

180 1077 304 1168 Rejecta
325 1079 447 1167 praeda,
470 1103 568 1167 quam
588 1103 728 1169 praesens
751 1077 934 1171 Mercurius
954 1077 1040 1143 fert?

181 1210 280 1276 Scribe
303 1211 412 1278 decem
434 1235 453 1276 a
476 1212 591 1277 Nerio:
616 1235 679 1277 non
702 1223 750 1286 est
772 1211 864 1276 satis:
889 1209 970 1275 adde
994 1209 1117 1275 Cicutae

136 1352 164 1409 70
180 1343 292 1410 Nodosi
315 1345 443 1411 tabulas
464 1357 602 1425 centum,
625 1345 712 1410 mille
734 1344 816 1410 adde
838 1355 980 1408 catenas:

181 1476 319 1567 Effugiet
340 1490 447 1544 tamen
470 1479 537 1544 haec
561 1479 730 1544 sceleratus
752 1478 880 1543 vincula
902 1478 1049 1542 Proteus.

183 1611 258 1676 Cum
280 1611 385 1699 rapies
407 1611 442 1676 in
460 1613 516 1700 jus
537 1611 629 1676 malis
650 1611 805 1676 ridentem
828 1610 956 1684 alienis3

102 1736 111 1763 '
182 1744 246 1812 Fiet
268 1769 357 1835 aper,
381 1745 476 1812 modo
498 1747 576 1827 avis,
600 1746 695 1812 modo
718 1766 841 1824 saxum,
865 1759 908 1824 et,
932 1767 1005 1808 cum
1029 1745 1125 1821 volet,
1148 1743 1252 1808 arbor.

183 1875 213 1940 si
232 1877 313 1942 male
336 1899 403 1942 rem
424 1899 533 1965 gerere
554 1876 669 1955 insani,
692 1887 803 1954 contra
823 1876 904 1941 bene
927 1875 995 1940 sani
1017 1886 1084 1949 θεῖς

139 2017 166 2073 75
182 2011 327 2076 Putidius
348 2011 453 2076 multo
474 2012 640 2078 cerebrum
661 2023 710 2077 est
734 1995 827 2095 (mihi
850 2009 957 2095 crede)
983 2009 1093 2074 Perilli

184 2139 347 2221 Dictantis,
372 2142 460 2228 quod
483 2155 519 2207 tu
543 2164 718 2229 numquam
740 2141 910 2208 rescribere
932 2140 1041 2228 possis.
1096 2150 1098 2152 ’
1178 2140 1180 2143 ’

184 2276 306 2356 Audire,
330 2288 428 2364 atque
450 2289 558 2364 tagam
577 2278 677 2366 jubeo
699 2299 887 2364 conponere,
911 2275 1057 2363 quisquis

184 2404 357 2472 Ambitione
376 2407 474 2486 mala,
497 2419 554 2472 aut
577 2408 701 2495 argenti
724 2407 821 2494 pallet
844 2428 969 2482 amore3

186 2539 331 2628 Quisquis
352 2541 493 2619 luxuria,
518 2541 642 2606 tristive
665 2541 900 2629 superstitione,

141 2675 168 2726 80
185 2669 240 2736 Aut
263 2671 328 2736 alio
349 2673 464 2738 mentis
487 2673 597 2738 morbo
620 2673 719 2738 calet:
744 2674 807 2737 huc
830 2672 963 2759 propius
985 2695 1046 2751 me,

186 2802 265 2869 Dum
289 2804 387 2870 doceo
409 2805 547 2871 insanire
569 2807 683 2886 omnis,
708 2829 763 2872 vos
785 2805 895 2870 ordine
917 2804 1012 2870 adite.

186 2934 294 3002 Danda
316 2947 364 3002 est
386 2938 516 3003 ellebori
539 2940 642 3004 multo
664 2961 737 3026 pars
760 2938 898 3003 maxima
919 2937 1040 3003 avaris:

186 3069 291 3136 Nescio
315 3093 355 3136 an
378 3072 566 3162 Anticyram
588 3075 670 3138 ratio
691 3074 754 3138 illis
777 3072 914 3138 destinet
935 3093 1068 3137 omnem.

186 3200 322 3270 Heredes
347 3205 472 3270 Staberi
494 3229 649 3270 summam
671 3206 810 3272 incidire
834 3205 997 3292 sepulcrm

142 3337 167 3391 ⁸⁵
185 3336 221 3402 Ni
243 3340 286 3404 sic
310 3339 467 3419 fecissent,
491 3341 706 3428 gladiatorum
729 3341 804 3405 dare
827 3354 954 3404 centum

188 3469 331 3538 Damnati
354 3473 476 3560 populo
498 3473 598 3561 paria,
621 3485 719 3560 atque
742 3473 874 3560 epulum
896 3471 1029 3536 arbitrio
1052 3469 1135 3546 Arri,
1160 3480 1191 3533 et

189 3600 348 3669 Frumenti
370 3617 528 3691 quantum
551 3607 641 3673 metit
664 3607 782 3671 Africa.
831 3605 904 3671 Sive
926 3628 986 3692 ego
1007 3625 1117 3691 prave,

190 3736 243 3804 Seu
264 3751 379 3814 recte;·
392 3740 453 3806 boc
476 3741 582 3806 volui:
606 3765 646 3806 ne
669 3742 711 3807 sis
733 3753 868 3828 patruus
890 3739 977 3805 mihi.
1024 3739 1129 3803 Credo

190 3869 252 3937 Hoc
275 3873 402 3938 Staberi
422 3874 612 3961 prudentem
634 3875 775 3940 animum
798 3874 922 3939 vidisse.
970 3871 1056 3949 Quid
1078 3893 1158 3958 ergov

146 4005 174 4064 90
191 4003 295 4087 Sensit,
319 4030 393 4072 cum
416 4031 574 4074 summam*
592 4008 765 4096 patrimoni
786 4008 964 4094 insculpere
987 4027 1063 4070 saxo
1078 4035 1100 4088 '.

191 4135 326 4206 Heredes·
345 4141 471 4206 voluit?
510 4141 625 4219 Quoad
646 4141 739 4217 vixit,
763 4140 898 4204 credidit
919 4139 1029 4226 ingens

192 4269 369 4364 Pauperiem
393 4275 518 4353 vitium,
543 4288 574 4340 et
597 4275 680 4340 cavit
703 4274 782 4338 nibil
805 4274 926 4338 acrius:
951 4283 1000 4351 ut,
1025 4273 1050 4336 si

286 4463 310 4494 v.
320 4447 358 4495 74.
375 4447 449 4506 Vulg.
464 4445 545 4496 Insani
555 4454 597 4504 est,
613 4461 635 4493 c.
646 4447 671 4494 b.
682 4446 740 4495 sani.
913 4447 950 4494 86.
966 4445 1003 4492 Ετ
1016 4448 1083 4492 deest.

656 4570 677 4610 Ι)
690 4561 707 4611 2
