2844 5130
624 403 663 479 o.
688 400 903 490 uossuu
935 399 1112 477 susccr

467 600 608 665 Vincunt
631 622 763 687 oequora
785 599 911 667 navitae.
1025 616 1028 623 '

517 732 677 819 Magnum
700 731 870 819 pauperies
892 731 1115 819 opprobrium,
1135 731 1232 820 jubet

465 863 602 944 Quidvis
625 873 657 928 et
680 863 784 929 iacere
806 874 839 928 et
861 863 941 950 poti,

516 998 720 1086 Virtutisque
742 999 827 1069 viam
850 997 994 1073 deserere
1016 999 1137 1065 srduae.

405 1145 443 1197 45
468 1133 527 1197 Vel
549 1154 608 1196 nos
630 1132 664 1196 in
689 1130 899 1219 Capitolium,

515 1268 588 1345 Quo
611 1266 730 1333 clamor
753 1276 846 1330 vocet
870 1277 902 1330 et
926 1265 1023 1333 turbs
1045 1265 1235 1344 faventium,

464 1401 524 1465 Vel
546 1422 605 1464 nos
626 1400 661 1463 in
684 1422 771 1463 mare
793 1400 978 1487 proximum

515 1533 667 1604 Gemmas
689 1543 722 1597 et
743 1531 868 1619 lapides
890 1554 1006 1600 surum
1029 1544 1062 1598 et
1084 1531 1211 1611 inutile,

465 1666 588 1730 Summi
610 1667 775 1764 meteriern
797 1664 887 1743 meli,
1011 1715 1013 1717 ·
1075 1698 1077 1703 ¹
1275 1635 1279 1640 .

404 1811 442 1863 50
511 1799 693 1865 Mittamus.
718 1801 873 1865 scelerum
897 1800 924 1864 si
942 1799 1026 1864 ¹bene
1049 1799 1198 1886 poenitet,

463 1932 637 1998 Eradends
659 1933 821 2022 cupidinis
1115 1941 1118 1946 ’

513 2066 611 2130 Prsvi
635 2077 712 2131 sunt
735 2067 900 2144 elementa,
925 2078 957 2130 et
980 2077 1099 2131 tenerae
1120 2064 1217 2136 nimis

463 2198 594 2264 Mentes
616 2198 832 2296 asperioribus

514 2331 697 2398 Firmandae
721 2330 845 2399 studiis.
870 2331 970 2396 nescit
993 2353 1077 2418 equo
1101 2329 1193 2394 rudis

401 2477 439 2528 55
463 2465 597 2530 Haerere
619 2464 779 2554 ingenuus
801 2487 895 2554 puer,

512 2597 696 2686 Venerique
718 2598 829 2672 timet3
854 2598 966 2663 ludere
988 2597 1124 2675 doctior,
1201 2645 1205 2652 -

466 2732 529 2795 Seu
554 2730 671 2796 Graeco
689 2731 805 2819 jubeas
828 2731 951 2808 trocho,

511 2865 576 2928 Seu
599 2863 692 2928 melis
707 2863 816 2930 uetita
838 2863 966 2951 legibus
989 2863 1074 2933 cles:
1117 2832 1119 2836 Α

462 2998 547 3061 Cum
569 2999 700 3085 perjura
722 2996 824 3085 petris
847 2996 926 3063 fides

399 3133 438 3192 60
508 3130 697 3194 consortem
721 3130 842 3194 socium
864 3129 957 3194 fallat
981 3142 1013 3194 et
1037 3129 1191 3217 hospites,

378 3262 383 3277 ⁴
460 3261 666 3350 Indignoque
687 3263 857 3350 pecuniam

510 3394 634 3460 Heredi
656 3407 816 3484 properet.
841 3395 960 3461 scilicet
983 3395 1129 3483 inprobae

461 3528 618 3594 Crescunt
642 3528 781 3594 divitiae:
816 3541 921 3595 tamen

510 3659 623 3726 Curtae
646 3662 752 3726 nescio
775 3662 855 3749 quid
880 3683 1006 3749 semper
1026 3662 1116 3727 abest
1140 3663 1196 3727 rei.

483 3905 507 3935 v.
518 3888 556 3935 44.
572 3888 646 3946 Vulg.
662 3888 781 3937 Desssrr.
1016 3893 1054 3939 49.
1070 3891 1186 3940 Ms‘rssu

517 3978 555 4027 54.
571 3977 727 4028 Fosusuos.
1016 3983 1055 4031 60.
1071 3981 1179 4031 Hosrrrs
