2844 5130
429 477 700 545 SERMONUM
731 481 808 545 Lrs.
826 482 876 547 11.
902 495 929 547 5.

190 677 244 742 Me
264 676 360 764 gessi,
384 688 508 742 certans
532 699 655 766 semper
675 679 868 745 melioribus.
915 681 1006 770 Ergo
1088 761 1091 765 .

138 820 170 872 20
188 810 312 897 Pauper
326 809 406 906 eris.
454 811 584 875 Fortem
606 811 667 876 hoc
689 812 831 877 animum
854 813 988 880 tolerare
1006 816 1146 903 jubebo:

188 944 231 1009 Et
251 928 416 1031 quondam
439 945 559 1032 majore
581 946 652 1011 tuli.
677 956 715 1010 tu
737 958 906 1034 protenus,
925 947 1012 1012 unde

186 1075 321 1151 Divitias
343 1075 480 1163 erisque
502 1098 605 1156 ruem,
629 1076 692 1155 dic,
716 1101 832 1166 augur,
856 1102 992 1144 acervos.

186 1207 259 1272 Dixi
283 1207 444 1295 equidem,
467 1220 500 1272 et
523 1207 603 1272 dico.
628 1221 735 1297 captes
758 1221 884 1276 astutus
907 1211 1028 1298 ubique

134 1322 139 1339 ⁸
187 1339 391 1404 Testamenta
412 1362 538 1404 senum:
564 1363 638 1419 neu,
663 1340 689 1405 si
712 1342 801 1407 vafer
824 1365 908 1407 unus
930 1355 962 1408 et
984 1344 1064 1408 alter

136 1470 405 1536 251nsidiatorem
427 1494 567 1560 praeroso
588 1473 709 1560 fugerit
731 1474 835 1554 hamo,

185 1603 245 1669 Aut
268 1626 358 1691 spem
381 1604 533 1692 deponas,
554 1618 612 1671 aut
635 1618 734 1672 artem
756 1608 881 1672 inlusus
903 1609 1040 1673 omittas.

187 1736 305 1825 Magna
327 1736 470 1802 minorve
491 1737 563 1801 foro
585 1737 611 1801 si
634 1761 684 1802 res
706 1739 880 1806 certabitur
902 1740 998 1815 olim;
1126 1706 1128 1710 v

185 1869 272 1935 Vivet
296 1882 370 1934 uter
391 1871 533 1958 locuples
556 1871 622 1936 sine
644 1871 739 1950 natis,
763 1873 931 1961 inprobus,
955 1873 1063 1938 ultro-

185 2003 241 2081 Qui
264 2004 427 2070 meliorem
448 2004 555 2069 audax
578 2018 669 2070 vocet
691 2006 723 2070 in
743 2005 809 2093 jus,
833 2005 921 2070 illius
943 2018 1010 2070 esto

140 2144 167 2196 30
185 2137 353 2203 Defensor:
377 2138 464 2203 fama
484 2139 586 2204 civem
609 2161 768 2225 causaque
789 2138 928 2226 priorem

187 2269 318 2357 Sperne;
343 2267 430 2333 domi
455 2270 481 2334 si
504 2282 599 2334 natus
622 2270 693 2348 erit,
717 2270 895 2335 fecundave
918 2272 1067 2357 conjunx.

186 2401 309 2480 Quinte,
332 2413 424 2488 pute,
448 2414 505 2467 aut
528 2402 626 2466 Publi
651 2402 808 2490 (gaudent
831 2402 1024 2490 praenomine
1047 2403 1157 2491 molles

186 2533 367 2619 luriculae)
381 2533 441 2599 tibi
463 2557 514 2598 me
536 2533 640 2599 virtus
662 2547 721 2599 tua
739 2534 817 2602 *fecit
840 2535 996 2599 amicum:

185 2665 241 2731 lus
261 2689 380 2754 anceps
402 2666 496 2730 novi:
521 2689 631 2730 causas
653 2665 823 2731 defendere
845 2689 993 2753 possum:

143 2801 168 2854 35
186 2797 305 2887 Eripiet
328 2799 434 2885 quivis
456 2798 565 2862 oculos
588 2797 682 2864 citius
706 2797 794 2875 mihi,
819 2819 917 2884 quam
940 2809 972 2862 te

186 2928 384 2996 Contemtum
398 2953 495 3008 ¹cassa
516 2952 597 2994 nuce
619 2941 791 3018 pauperet:
816 2929 885 2994 haec
907 2953 978 2994 mea
1000 2952 1076 2993 cura
1099 2943 1157 3007 est,

186 3060 229 3126 Ne
250 3061 332 3149 quid
356 3073 393 3126 tu
416 3061 542 3150 perdas,
565 3084 628 3126 neu
653 3062 695 3126 sis
714 3062 816 3149 jocus.
840 3063 886 3126 ire
910 3061 1051 3139 domurn,
1075 3074 1172 3148 atque

185 3193 366 3261 Pelliculam
388 3218 500 3261 curare
518 3196 614 3284 jube:
640 3195 663 3259 fi
686 3195 847 3282 cognitor:
872 3194 941 3280 ipse

185 3327 301 3408 Persta,
325 3339 422 3415 atque
445 3329 588 3404 obdura;
615 3352 670 3395 seu
694 3328 792 3392 rubra
815 3326 970 3390 Canicula
991 3325 1089 3389 findet

133 3458 168 3515 40
186 3460 317 3527 Infantis
341 3472 473 3540 statuas,
498 3484 553 3526 seu
576 3461 690 3550 pingui
713 3469 820 3524 tentus
843 3481 949 3522 omaso

184 3593 297 3658 Furius
321 3592 469 3659 hibernas
492 3617 571 3659 cana
593 3594 666 3657 nive
688 3603 841 3680 conspuet
864 3590 963 3678 Alpis.

184 3725 292 3792 Nonne
316 3726 405 3790 vides
429 3725 560 3814 (aliquis
583 3725 692 3790 cubito
716 3736 973 3810 stantem-prope
996 3733 1128 3807 tangens

185 3858 325 3946 Inquiet)
350 3869 388 3922 ut
410 3859 545 3947 patiens,
570 3869 607 3921 ut
630 3854 738 3921 amicis
760 3867 867 3942 aptus,
892 3865 929 3918 ut
952 3855 1045 3917 acer?

184 3989 292 4056 Plures
308 3989 480 4079 ‘adnabunt
496 3990 632 4080 thunni,
656 4001 688 4053 et
711 3988 829 4052 cetaria
844 3996 999 4080 crescent.

137 4125 164 4178 45
184 4121 214 4186 si
235 4122 288 4188 cui
312 4135 466 4210 praeterea
488 4122 614 4187 validus
636 4120 718 4185 male
734 4119 825 4184 'filius
847 4119 880 4181 in
905 4141 950 4191 re,

183 4247 339 4320 Prseclara
361 4255 507 4320 sublatus
530 4255 653 4326 cletum
678 4276 718 4317 ne
741 4250 942 4321 manifestum

184 4388 310 4452 Caelibis
333 4387 646 4475 obsequium'nudet
670 4398 712 4463 te,
736 4385 849 4449 leniter
872 4385 905 4448 in
929 4406 1016 4472 spem
1046 4470 1051 4476 ‚

664 4520 693 4581 Ε
