2828 5122
373 484 648 550 CARMINUM
676 483 754 547 Lrs.
774 482 846 548 111.
1143 485 1209 553 195

216 696 233 746 5
258 684 398 748 Auctore
422 683 464 748 ab
486 683 543 748 illo
565 682 656 747 ducit
679 681 847 770 originem,
910 718 913 726 ·

257 815 321 894 Qui
346 814 551 880 Formiarum
574 813 692 880 moenia
715 812 835 879 dicitur

301 949 467 1038 Princeps,
491 960 524 1014 et
546 950 710 1014 innantem
734 932 869 1013 Marica

346 1081 516 1147 Litoribus
539 1080 679 1146 tenuisse
702 1079 807 1145 Lirim

256 1213 339 1278 Late
361 1216 535 1301 tyrannus)
560 1235 630 1279 cras
651 1212 738 1278 foliis
760 1232 876 1280 nemus.

195 1359 232 1411 10
257 1346 385 1426 Multis,
410 1359 442 1413 et
466 1348 540 1436 alga
560 1347 640 1413 litus
662 1346 770 1412 inutili

301 1479 450 1544 Demissa
471 1492 644 1567 tempestas
666 1479 708 1545 ab
732 1480 824 1543 Euro

322 1700 325 1705 Ι
349 1615 494 1689 Sternet3
520 1637 614 1702 aquae
637 1613 699 1678 nisi
721 1612 807 1677 fallit
830 1634 936 1700 augur

214 1781 216 1785 ν
256 1747 385 1811 Annosa
408 1746 529 1812 cornix.
554 1745 632 1810 dum
655 1745 753 1833 potis,
776 1744 904 1809 aridum

255 1880 409 1967 Conpone
430 1879 574 1967 lignum:
599 1901 670 1943 oras
690 1878 822 1970 genium
845 1899 933 1942 mero

197 2025 232 2076 15
303 2011 452 2087 Curabis,
477 2024 509 2076 et
531 2034 630 2100 porco
652 2010 808 2088 bimestri,

348 2145 432 2208 Cum
456 2144 586 2209 famulis
609 2166 744 2232 operum
767 2143 889 2208 solutis.

526 2649 688 2724 trislll.

387 2946 389 2950 Α
477 2885 528 2932 ro
560 2885 735 2935 Faunum

258 3045 293 3125 F
295 3085 405 3140 suun,
430 3064 658 3153 Nympharum
681 3064 865 3152 fugientum
890 3077 1023 3142 amator,

257 3197 320 3263 Per
343 3219 429 3262 meos
451 3197 525 3263 finis
547 3210 580 3263 et
604 3199 711 3286 aprica
734 3221 812 3263 rura
1045 3153 1053 3174 ·

258 3329 357 3394 Lenis
380 3329 519 3409 incedas,
544 3332 702 3418 abeasque
725 3331 834 3418 parvis

274 3477 276 3483 '
348 3463 480 3549 AEquus
503 3463 657 3531 alumnis:

215 3606 232 3657 5
259 3595 292 3658 Si
317 3606 405 3660 tener
428 3596 523 3683 pleno
546 3596 632 3661 cadit
656 3596 769 3662 haedus
793 3617 889 3674 anno,

256 3727 367 3815 Largs
388 3750 445 3794 nec
468 3729 585 3794 desunt
612 3731 742 3797 Veneris
765 3730 867 3797 sodali

257 3856 341 3924 Vina
363 3870 515 3934 craterae;
540 3873 635 3925 vetus
658 3884 713 3926 ara
736 3862 839 3929 multo

303 4030 307 4039 =
349 3992 470 4057 Fumat
492 3992 598 4056 odore.

210 4187 219 4206 .
258 4122 362 4187 Ludit
386 4123 521 4189 herboso
543 4148 642 4212 pecus
665 4149 758 4191 omne
782 4086 906 4212 campo,
957 4170 960 4175 -

199 4267 235 4318 10
259 4256 343 4327 Cum
368 4256 428 4321 tibi
452 4258 556 4322 Nonae
579 4257 715 4323 redeunt
739 4255 951 4323 Decembres:

317 4447 340 4477 v.
351 4432 374 4478 5.
392 4430 465 4490 Vuig.
482 4432 570 4479 Ducis.
776 4431 812 4479 13.
828 4431 916 4478 Porrs.

585 4552 609 4593 N
622 4544 639 4594 2
