2844 5130
230 357 279 420 310
565 358 603 434 Q.
631 356 843 421 HORATII
875 356 1052 420 FLACCI

304 551 529 628 Democritus;
554 552 639 618 bona
660 576 736 641 pars
759 577 823 619 non
836 554 967 642 ¹unguis
989 575 1107 641 ponere
1130 562 1239 630 curat,

305 685 381 749 Non
403 685 569 750 barbamt':-
591 697 711 750 secreta
732 686 815 775 petit
838 687 918 766 loca,
942 684 1058 752 balnea
1079 684 1174 753 vitat.

304 820 516 886 Nanciscetur
538 820 786 908 enim⁷pretinm
808 816 990 908 nomenque
1012 827 1131 910 poetro,

222 964 280 1017 300
305 952 340 1017 Si
363 950 468 1016 tribus
491 951 654 1041 Anticyris
676 964 775 1039 caput
797 951 974 1018 insanabile
996 974 1178 1041 numquam

306 1085 445 1150 Tonsori
470 1084 585 1150 Licino
607 1084 799 1150 conmiserit.
823 1087 843 1149 ὂ
866 1109 926 1173 ego
948 1085 1062 1163 laevus,

305 1218 370 1298 Qui
392 1241 517 1308 purgor
538 1219 635 1285 bilem
659 1219 720 1284 sub
743 1219 833 1284 verni
856 1219 1009 1307 temporis
1032 1219 1166 1285 horam!

304 1352 381 1417 Non
404 1352 487 1418 alius
509 1354 628 1419 faceret
650 1353 782 1419 meliora
804 1361 969 1441 poemata:
1004 1376 1118 1419 verum

305 1487 363 1553 Nil
385 1487 469 1552 tanti
491 1499 548 1552 est.
572 1510 650 1576 ergo
672 1487 792 1576 fungar
814 1487 884 1553 vice
907 1487 998 1567 cotis,
1022 1498 1154 1552 acutum

223 1632 281 1685 305
306 1619 456 1685 Reddere
478 1643 552 1707 quae
575 1619 698 1684 ferrum
720 1620 817 1699 valet,
841 1642 952 1684 exsors
974 1620 1046 1707 ipsa
1069 1619 1207 1684 secandi.
1254 1656 1257 1661 ·

304 1753 431 1817 Munus
454 1762 487 1817 et
509 1750 660 1831 officium,
684 1751 731 1816 nil
754 1751 896 1817 scribens
918 1753 998 1840 ipse,
1023 1751 1165 1827 docebo;

304 1885 403 1951 Unde
424 1897 579 1975 parentur
602 1909 697 1974 opes;
724 1886 804 1975 quid
826 1885 892 1951 alat
914 1886 1096 1973 formetque
1118 1892 1272 1974 poetam

305 2017 394 2097 Quid
416 2018 538 2097 deceat,
562 2018 643 2107 quid
666 2042 751 2095 non;
777 2018 843 2107 quo
865 2018 981 2097 virtus,
1005 2041 1072 2105 quo
1093 2017 1177 2082 ferat
1200 2039 1301 2082 error.

305 2151 471 2216 Scribendi
494 2162 590 2231 recte,
615 2175 725 2240 sapere
747 2152 851 2217 estet
873 2151 1067 2239 principium
1090 2162 1122 2216 et
1145 2151 1227 2215 fons.

222 2298 280 2350 310
303 2285 387 2350 Rem
411 2285 471 2350 tibi
495 2285 667 2368 Socraticae
689 2297 843 2374 poterunt
866 2267 1032 2350 ostendere
1054 2284 1193 2350 chartoe:
1305 2296 1309 2305 ’

305 2420 477 2506 Verbaque
499 2419 661 2507 provisam
684 2443 749 2485 rem
774 2442 839 2484 non
861 2419 964 2484 invita
988 2418 1170 2506 sequentur.

224 2606 228 2613 .
305 2550 369 2630 Qui
393 2550 506 2616 didicit
529 2551 643 2639 patriae
666 2550 748 2638 quid
771 2551 897 2629 debeat,
921 2563 954 2617 et
978 2550 1058 2639 quid
1082 2550 1212 2627 amicis;

304 2688 377 2764 Quo
401 2685 443 2750 sit
465 2706 574 2750 amore
595 2707 722 2773 parens,
745 2708 812 2772 quo
835 2685 934 2751 frater
957 2686 1114 2751 amandus
1137 2696 1169 2750 et
1192 2684 1292 2775 hospe

304 2818 401 2897 Quod
424 2819 465 2882 sit
488 2818 672 2906 conscripti,
696 2817 786 2905 quod
804 2818 925 2906 judicis
948 2819 1107 2894 officium;
1134 2842 1208 2907 quae

221 2965 278 3018 315
302 2953 417 3016 Partes
439 2951 473 3015 in
495 2950 618 3017 bellum
640 2951 728 3016 missi
751 2950 862 3027 ducis3
888 2953 944 3017 ille
966 2953 1113 3040 profecto

304 3084 454 3150 Reddere
476 3106 621 3172 personae
645 3083 704 3148 scit
727 3083 948 3149 convenientia
970 3084 1097 3172 cuique.

303 3217 476 3306 Respicere
498 3217 661 3304 exemplar
684 3217 760 3281 vitae
779 3239 971 3305 morumque
990 3218 1114 3306 jubebo
1191 3218 1194 3224 ’

306 3351 448 3414 Doctum
471 3349 676 3432 imitatorem,
699 3361 732 3414 et
755 3348 845 3415 vivas
867 3349 942 3414 hinc
965 3351 1083 3416 ducere
1096 3374 1207 3415 ¹voces.

304 3481 475 3548 Interdum
498 3482 639 3569 speciosa
660 3481 750 3584 locis,
774 3494 963 3570 morataque
985 3494 1071 3548 recte

220 3631 289 3682 320·
302 3617 441 3695 Fabula,
464 3615 588 3681 nullius
610 3617 745 3696 veneris,
770 3617 837 3681 sine
860 3617 1001 3706 pondere
1023 3629 1056 3682 et
1079 3632 1159 3695 arte,
1192 3666 1195 3675 .

304 3751 439 3816 Valdius
461 3750 601 3816 oblectat
624 3749 783 3838 populum
805 3749 986 3836 meliusque
1009 3749 1164 3830 moratum

304 3886 409 3963 Quam
432 3906 543 3949 versus
565 3883 677 3971 inopes
699 3880 807 3947 reruni
830 3904 992 3970 nugaeque
1015 3846 1148 3948 canora.

304 4015 412 4079 Graiis
433 4017 610 4105 ingenium,
636 4013 745 4080 Graiis
767 4013 857 4078 dedit
881 4037 935 4078 ore
958 4015 1098 4079 rotundo

305 4148 405 4212 Musa
426 4148 528 4236 loqui,
555 4162 673 4237 proeter
696 4148 825 4215 laudem
849 4149 971 4214 nullius
994 4151 1106 4215 avaris.

664 4342 687 4374 r.
698 4327 750 4375 318.
769 4326 841 4386 l'ulg.
859 4327 953 4375 l‘nnss.
