2844 5130
136 442 202 516 158
483 441 521 517 Q.
547 439 775 503 HORATII.
791 438 967 503 FLACCI

335 639 403 700 Cur
426 659 488 700 nou
512 637 573 703 sub
596 637 662 702 alta
684 639 735 703 vel
758 639 900 727 platano,
924 638 977 703 vel
996 637 1080 703 hac·

335 769 420 834 Pinu
439 772 582 859 jacentes
606 770 650 834 sic
673 782 800 847 temere,
824 783 856 836 et
880 794 952 837 rosa

273 913 308 964 15
380 902 484 966 Canos
506 902 632 967 odorati
654 902 797 990 capillos,

425 1037 515 1099 Dum
537 1034 623 1113 licet,
648 1036 842 1124 Assyriaque
864 1039 966 1102 nardo

335 1168 489 1232 Putamus
513 1169 625 1233 uncti?
659 1168 794 1256 dissipat
816 1169 922 1235 Euius

336 1300 440 1364 Cures
463 1300 577 1365 edacis
603 1301 676 1394 quis
699 1323 780 1389 puer
803 1301 892 1367 ocius

381 1434 575 1522 Restinguet
598 1434 738 1499 ardentis
762 1435 891 1499 Falerni

272 1577 311 1628 20
425 1566 548 1630 Pocula
569 1577 781 1653 praetereunte
804 1565 963 1656 lympha?

336 1696 416 1774 Quis
439 1696 568 1761 devium
592 1709 732 1762 scortum
756 1697 859 1763 eliciet
882 1697 978 1762 domo

337 1828 476 1917 Lyden?
510 1828 632 1923 eburna
653 1828 705 1892 dic
729 1853 789 1916 ege
811 1852 894 1895 eum¹
907 1830 979 1919 lyra

382 1965 540 2043 Matura,
564 1963 734 2028 incomtam
758 1965 904 2031 Lacoenae

426 2095 522 2158 More
545 2116 666 2158 comam
689 2095 824 2183 religata
845 2096 939 2161 uodo.

677 2397 777 2471 XII.

509 2593 562 2641 AD
592 2593 862 2647 MAECENATEM.

339 2743 460 2825 Nous
484 2763 582 2849 longa
604 2762 680 2826 ferae
702 2761 787 2827 bella
810 2761 1006 2839 Numantiae,

336 2895 404 2958 Nee
427 2893 547 2958 durum
571 2893 799 2970 Hannibalem,
823 2916 881 2958 nec
906 2893 1051 2958 Siculum
1074 2915 1163 2959 mare

337 3028 438 3091 Poeno
462 3049 662 3114 purpureum
686 3026 852 3112 sanguiue,
876 3025 1027 3091 mollibus

381 3159 495 3246 Aptari
519 3158 648 3231 citharoe
671 3157 796 3243 mudis31

296 3305 313 3356 5
337 3293 405 3356 Nec
428 3315 528 3357 saevos
553 3291 721 3379 Lapithas,
745 3302 777 3356 et
800 3291 933 3356 nimium
957 3314 1044 3356 mero

337 3424 514 3512 Hylaeum3
540 3424 741 3510 domitosque
766 3425 927 3488 Herculea
949 3446 1047 3488 manu

338 3556 481 3621 Telluris
499 3558 644 3645 juvenes,
669 3556 756 3621 unde
778 3555 959 3643 periculum

384 3689 529 3776 Fulgeus
551 3688 742 3753 contremuit
765 3688 880 3751 domus

340 3821 469 3886 Saturni
493 3819 625 3885 veteris:
660 3831 761 3906 tuque
783 3818 986 3906 pedestribus

279 3964 315 4018 10
337 3954 434 4017 Dices
457 3951 598 4019 historiis
620 3952 735 4038 proelia
759 3923 906 4027 Caesaris,

212 4059 216 4063 Ι
337 4087 509 4163 Moecenas,
534 4085 657 4163 melius,
682 4084 843 4169 ductaque
866 4106 923 4170 per
947 4083 1014 4146 vias

384 4219 513 4305 Regum
537 4217 618 4282 colla
641 4217 822 4283 minacium.

302 4411 326 4440 v.
337 4396 374 4441 23.
392 4394 467 4453 Vulg.
483 4396 627 4443 Iunonium.
743 4396 781 4443 24.
796 4392 903 4441 Nonum.
1021 4393 1045 4440 2.
1062 4390 1165 4439 Diuum.
