2844 5130
463 483 733 548 SERMONUM
766 485 842 548 Lm.
860 485 908 550 11.
933 497 960 548 5.

221 681 352 747 Perduci
374 682 495 770 poterit
518 694 582 749 tam
603 683 693 771 frugi
716 697 845 770 tamque
868 683 996 770 pudica,

221 815 317 892 Quam
339 816 490 902 nequiere
512 816 601 904 proci
624 827 710 880 recto
732 815 888 904 depellere
910 819 1030 883 cursu?

221 947 308 1013 Venit
331 947 415 1018 euim
440 948 645 1037 (indignum)
662 948 799 1015 donandi
821 971 917 1037 parca
935 951 1100 1036 juventus,

172 1088 202 1140 80
219 1078 281 1144 Nec
303 1092 430 1146 tantum
453 1081 593 1161 Veneris,
617 1092 775 1168 quantum
798 1081 940 1147 studiosa
960 1081 1084 1146 culinoe.

221 1211 268 1275 Sic
289 1211 350 1277 tibi
373 1213 534 1301 Penelopa
554 1214 643 1302 frugi
666 1226 730 1280 est:
756 1236 840 1300 quoe,
864 1214 891 1278 si
914 1212 1008 1278 semel
1031 1235 1095 1276 uno

219 1343 266 1408 De
287 1366 359 1409 sene
381 1346 519 1433 gustarit
543 1357 646 1411 tecum
669 1346 789 1432 partita
810 1346 972 1423 lucellum,
1058 1352 1061 1353 ’

219 1474 264 1539 Ut
285 1475 371 1542 canis
393 1478 519 1542 acurio
541 1501 717 1566 numquam
739 1452 967 1543 absterrebitur
991 1488 1096 1560 uncto.

220 1608 272 1672 Me
294 1631 367 1673 sene
390 1609 478 1696 quod
501 1610 603 1676 dicam
626 1611 747 1676 factum
770 1623 826 1675 est.
850 1633 931 1676 anus
953 1609 1088 1698 inproba
1111 1606 1231 1671 Thebis

173 1750 200 1804 85
219 1741 267 1805 Ex
288 1754 477 1808 testamento
500 1745 544 1808 sic
567 1757 614 1809 est
637 1746 736 1809 elata:
762 1745 895 1810 cadaver

220 1875 357 1940 Unctum
381 1878 450 1942 oleo
471 1878 561 1968 largo
583 1877 677 1942 nudis
699 1879 838 1943 humeris
861 1878 937 1942 tulit
958 1877 1065 1941 heres:

221 2009 350 2088 Scilicet,
375 2010 458 2075 elabi
481 2011 507 2076 si
530 2023 636 2098 posset
658 2022 785 2076 mortua
794 2036 808 2086 ;,
830 2011 933 2089 credo,

222 2141 308 2218 Quod
330 2141 464 2207 nimium
487 2110 644 2208 institerat
667 2144 797 2208 viventi.
821 2156 934 2208 cautus
948 2141 1060 2212 adito:

222 2271 286 2338 Neu
309 2274 394 2341 desis
416 2297 531 2361 operoe,
554 2298 634 2340 neve
655 2276 870 2342 inmoderatus
891 2274 1044 2340 abundes.

177 2405 383 2470 90Difficilem
406 2417 438 2473 et
460 2428 620 2471 morosum
642 2407 781 2473 offendes
803 2408 953 2495 garrulus
975 2406 1069 2472 ultro.

222 2536 406 2602 Non'etiam
429 2539 528 2605 sileas.
575 2541 688 2605 Davus
711 2540 752 2604 sis
774 2541 932 2614 comicus3
957 2551 1055 2625 atque

223 2667 284 2733 Stes
306 2669 411 2756 capite
432 2669 571 2758 obstipe,
594 2672 732 2737 multum
756 2672 865 2736 similis
888 2671 1049 2737 metuenti.

223 2799 379 2888 Obsequio
401 2825 559 2890 grassare:
584 2826 687 2882 mone,
712 2805 738 2868 si
760 2803 934 2868 increbruit
957 2825 1046 2881 aure,

222 2931 338 2998 Cautus
361 2933 410 2997 uti
433 2934 515 2998 velet
538 2957 646 3000 carum
669 2950 784 3024 caput:
809 2936 940 3000 extrahe
963 2936 1059 3000 turbs

173 3064 203 3122 95
221 3063 378 3152 Oppositis
399 3065 555 3130 humeris:
580 3090 700 3157 aurern¹
713 3069 893 3156 substringe
915 3069 1051 3155 loquaci.

222 3194 415 3285 Inportunus
437 3209 522 3262 amat
544 3200 692 3265 laudari?
722 3201 821 3265 donec
845 3201 914 3264 Ohe
932 3202 1020 3287 jam!

220 3329 263 3394 Ad
284 3331 399 3395 caelum
421 3330 568 3397 manibus
591 3333 724 3398 sublatis
746 3335 873 3413 dixerit,
897 3355 1019 3419 urgue;
1044 3342 1076 3394 et

221 3462 413 3529 Crescentem
436 3465 567 3530 tumidis
589 3465 664 3530 infla
687 3467 883 3532 sermonibus
905 3477 1019 3530 utrem.

220 3593 296 3660 Cum
318 3608 352 3661 te
376 3597 504 3661 servitio
525 3597 622 3686 longo
645 3620 785 3686 curaque
807 3599 939 3673 levarit;

134 3707 201 3779 ¹00
217 3724 256 3791 Et
279 3739 402 3792 certum
425 3729 573 3816 vigilans,
597 3732 728 3808 Quartae
751 3743 818 3796 esto
840 3730 941 3818 partis
964 3729 1087 3805 Ulixes,

218 3857 371 3938 Audieris,
394 3861 502 3926 heres:
528 3862 618 3950 Ergo
640 3886 725 3928 nunc
749 3866 853 3928 Dama
876 3861 991 3928 sodalis

218 3990 381 4080 Nusquam
405 3999 474 4058 est?
504 3957 591 4060 unde
612 3995 690 4059 mihi
712 4007 778 4061 tam
800 3996 926 4073 fortem,
950 4005 1079 4078 tamque
1101 3989 1248 4054 fidelem?

219 4124 335 4213 Sparge
357 4126 510 4192 subinde:
534 4138 578 4205 et,
602 4127 628 4191 si
650 4128 795 4214 paullum
818 4138 908 4214 potes
929 4125 1136 4204 inlacrimare,
1160 4134 1208 4187 est

218 4253 342 4323 Gaudia
363 4258 549 4346 prodentem
573 4258 696 4324 voltum
719 4260 827 4323 celare.
852 4256 1032 4345 sepulcrum

241 4444 264 4476 v.
274 4429 312 4476 79.
329 4428 401 4488 Vulg.
419 4428 492 4477 Venit
501 4428 564 4479 anim
575 4445 693 4477 unsrun.
765 4430 803 4477 90.
819 4429 957 4476 Orrsunsr.
1032 4427 1259 4484 100.Qosrrns1r-

686 4541 737 4591 Ε2
