2828 5122
368 466 637 532 CARMINUM
669 466 747 528 L1n.
766 465 824 528 IV.

202 665 353 730 Obstaret
377 665 498 729 meritis
521 663 632 729 invida
656 664 811 728 Romuli?

139 810 177 863 25
202 799 362 884 Ereptum
387 797 509 886 Stygiis
532 796 684 862 fluctibus
709 797 846 860 AEacum

202 931 325 1008 Virtus,
350 941 381 994 et
404 931 507 1008 favor,
531 941 563 994 et
586 929 698 1017 lingua
720 929 900 1018 potentium

202 1065 321 1128 Vatum
344 1062 500 1128 divitibus
522 1072 683 1126 consecrat
705 1061 828 1127 insulis.

202 1198 348 1287 Dignum
371 1198 466 1263 laude
490 1198 595 1261 virum
619 1198 719 1262 Musa
741 1208 829 1262 vetat
852 1197 950 1261 mori:

202 1333 292 1396 Caelo
317 1333 416 1396 Musa
437 1332 521 1396 beat.
547 1331 590 1396 sio
614 1331 708 1396 Jovis
730 1331 860 1396 interest

140 1477 178 1528 30
202 1465 331 1552 Optatis
355 1463 459 1551 epulis
481 1464 608 1551 inpiger
632 1465 807 1530 Hercules:

204 1597 336 1661 Clarum
362 1597 561 1685 Tyndaridae
584 1597 673 1662 sidus
696 1597 737 1662 ab
760 1597 876 1661 infimis

202 1731 340 1807 Quassus
364 1730 505 1817 eripiunt
529 1730 713 1817 aequoribus
736 1742 840 1796 rates:

203 1862 347 1927 Ornatus
371 1863 466 1927 viridi
491 1875 635 1951 tempora
657 1863 808 1951 pampino

205 1995 305 2060 Liber
327 2008 404 2060 vota
425 1997 526 2061 bonos
549 1996 639 2061 ducit
662 1996 704 2060 nd
727 1995 841 2061 exitus.

566 2497 641 2570 IX.

467 2743 518 2790 AD
550 2743 737 2793 LOLLIUM.

252 2918 294 2999 N
298 2958 319 3000 n
343 2937 427 3002 forte
450 2938 560 3002 credas
582 2939 764 3016 interitura,
788 2960 862 3028 quae

250 3065 364 3158 Longe
388 3083 550 3136 sonantem
574 3084 669 3137 natus
692 3072 734 3137 ad
757 3071 911 3137 Aufidum

296 3204 371 3268 Non
394 3217 467 3270 ante
490 3206 635 3292 volgatas
657 3228 715 3293 per
738 3216 823 3271 artes

339 3338 444 3403 Verba
466 3339 581 3425 loquor
605 3339 753 3404 socianda
775 3339 922 3411 chordis;

209 3482 227 3533 5
252 3471 337 3550 Non,
362 3472 389 3535 si
411 3472 532 3560 priores
556 3473 717 3538 Maeonius
741 3484 827 3538 tenet

251 3605 348 3669 Sedes
371 3606 546 3684 Homerus,
572 3607 750 3672 Pindarioae
773 3608 875 3672 latent

298 3738 447 3824 Ceoeqnn,
471 3750 503 3802 et
528 3739 626 3804 Alcaei
649 3740 786 3805 minaces

342 3870 578 3957 Stesichorique
601 3895 715 3961 graves
739 3874 905 3938 Camenae:

251 4003 331 4080 Neo,
356 4003 382 4067 si
406 4004 486 4090 quid
509 4005 585 4069 olim
609 4006 688 4071 lusit
711 4008 885 4083 Anacreon,

191 4149 226 4199 10
248 4136 377 4201 Delevit
402 4149 496 4202 aetas:
532 4141 631 4225 spirat
655 4139 760 4203 adhuc
784 4160 883 4215 amor,

296 4270 484 4357 Vivuntque
507 4272 652 4335 conmissi
676 4271 793 4335 calores

310 4454 317 4475 .
344 4403 460 4468 AEoliae
484 4403 602 4468 fidibus
626 4405 752 4491 puellae,
