2844 5130
136 368 202 454 174

489 376 527 453 Q.
552 374 765 439 HORATII
797 374 974 439 FLACCI

286 647 288 656 Ι
379 573 519 638 Gratum
542 573 676 639 elocuts'
691 574 932 640 consiliantibus

355 708 509 772 -Junone
532 706 644 772 Divis:
671 707 787 787 lucu,
813 707 900 772 Ilion
1038 748 1045 754 -

423 840 547 905 Fatalis
568 840 774 928 incestusque
792 839 909 929 judex,

314 984 353 1036 20
466 971 514 1036 Et
535 972 651 1038 mulier
673 972 843 1063 peregrina
865 971 977 1044 vertit,

312 1170 313 1174 ,
376 1107 417 1170 In
439 1107 626 1194 pulverem
651 1130 691 1172 ex
715 1128 783 1194 quo
804 1105 953 1171 destituit
976 1105 1064 1170 Deos

376 1238 528 1303 Mercede
550 1249 645 1326 pecta
669 1237 866 1317 Laomedon,
890 1237 970 1304 mihi

422 1373 593 1458 Csstaeque
615 1372 803 1437 damnatum
827 1371 999 1448 Mineruae‚

467 1504 552 1569 Cum
575 1505 698 1592 populo
721 1517 753 1570 et
776 1504 858 1570 duce
880 1503 1098 1570 fraudulento.

312 1649 350 1700 25
373 1637 451 1700 «Iam
473 1658 530 1701 nec
556 1636 702 1703 Laeaenae
727 1636 872 1725 splendet
896 1637 1052 1702 adulteres

375 1768 533 1833 Famosus
555 1768 688 1858 hospes:
714 1792 773 1834 nee
796 1769 918 1834 Priami
941 1767 1056 1832 domus

419 1902 555 1990 Perjura
577 1902 735 1989 pugnacis
758 1901 897 1967 Achivos

412 2088 414 2092 .
466 2035 637 2100 Hectoreis
658 2034 776 2122 opjbns
797 2034 956 2122 refringit.
1042 2099 1045 2102 r

373 2168 566 2255 Nostrisque
589 2168 725 2235 ductum
747 2166 960 2234 seditionibus
1041 2214 1047 2228 ..

310 2313 349 2365 30
373 2302 501 2367 Bellum
523 2302 651 2369 resedit.
675 2301 824 2390 protinus
840 2313 879 2367 et
898 2300 1010 2389 -gravis

419 2436 492 2502 Iras
514 2448 547 2502 et
567 2436 708 2502 invisum
731 2447 899 2524 nepotenu‘

464 2570 566 2634 Troia
587 2592 684 2659 quem
707 2571 833 2658 peperit
857 2567 1014 2645 sacerdos,
1072 2629 1075 2633 ,

373 2702 476 2768 Marti
499 2702 669 2768 redonabo.
692 2703 786 2768 illum
809 2725 870 2790 ego
891 2699 1015 2784 lucidos

372 2837 462 2901 Inire
485 2835 586 2914 sedes,
610 2835 727 2902 ducere
749 2834 887 2902 nectaris

309 2982 346 3034 35
417 2971 546 3048 Succos,
570 2980 604 3036 et
626 2969 773 3036 adscribi
787 2970 906 3058 quietis

463 3103 641 3170 Ordinibus
662 3104 767 3192 patiar
791 3104 945 3169 Deorum.
979 3153 982 3159 .

371 3237 461 3302 Dum
483 3238 600 3326 longus
622 3238 707 3304 inter
730 3238 842 3305 saeviat
865 3237 952 3302 Ilion
1053 3324 1057 3335 s

370 3353 574 3458 Romamque
595 3383 735 3458 pontns;
761 3371 907 3460 qualibet
929 3369 1056 3444 exsules

418 3504 459 3567 ln
482 3513 574 3592 parte
596 3516 751 3593 regnanto
773 3503 877 3568 beati:
1078 3476 1080 3483 Ι

309 3647 346 3698 40
378 3661 383 3686 ·-
461 3636 551 3702 Dum
575 3634 696 3701 Pricmi
720 3636 913 3723 Paridisque
934 3634 1032 3700 busto

371 3768 512 3834 Insultet
533 3781 725 3847 armentum,
750 3780 782 3834 et
805 3769 928 3834 catulos
950 3768 1027 3834 ferae

372 3901 485 3967 Celent
507 3899 638 3977 inultoe3
664 3912 738 3967 stet·
751 3901 965 3990 Capitolium

416 4036 570 4124 Fulgens,
595 4035 866 4124 triumphatisque
888 4035 990 4124 possit

460 4168 565 4234 Roma
587 4161 678 4234 ferox
703 4168 779 4257 dare
799 4171 875 4258 jura
898 4167 1016 4234 Medis.
1069 4174 1079 4244 ff

576 4341 599 4373 v.
609 4326 648 4374 ³2.
665 4325 739 4386 Vulg.
754 4327 860 4377 Tnorcs.
884 4397 887 4404 Ι
