2828 5122
279 463 326 549 st
383 450 1000 560 -aprsronnauun1a1na
1081 529 1083 533 -
1226 485 1293 572 297

202 697 253 760 Te
275 694 439 759 domiuum
463 693 568 759 sentit
592 693 649 758 das
671 715 837 766 nummos;
862 692 979 780 accipis
1003 714 1110 770 uvam,

200 827 324 904 Pullos,
347 849 419 905 ova,
442 826 558 892 cadum
580 825 699 892 temeti.
722 824 953 913 nempemodo
976 825 1038 889 isto
1133 855 1135 858 ⁴

200 960 373 1026 Paullatim
395 960 543 1026 mercaris
565 979 691 1048 agrum,
714 959 848 1034 fortasse
870 957 1030 1035 trecentis,

120 1098 174 1158 165
198 1099 265 1158 Aut
287 1092 390 1158 etiam¹
406 1115 514 1181 supra,
537 1115 741 1157 nummorum
763 1091 906 1156 millibus
920 1101 1058 1155 emtum.

200 1225 287 1305 Quid
303 1226 418 1325 refert,
442 1224 536 1290 vivas'
553 1236 720 1289 numerato
742 1246 846 1311 nuper
868 1247 909 1287 an
931 1223 1031 1286 olim?

200 1358 314 1422 Emtor
337 1357 458 1422 Aricini
481 1356 644 1444 quondam
667 1356 808 1420 Veientis
831 1366 862 1420 et
885 1356 954 1419 arvi

199 1490 333 1554 Emtum
356 1500 447 1555 cenat
469 1489 560 1563 olus;
586 1488 733 1575 quamvis
755 1489 848 1552 aliter
871 1498 983 1575 putat:
1004 1485 1110 1551 emtis

200 1624 268 1688 Sub
291 1636 414 1689 noctem
437 1623 576 1711 gelidam
598 1622 694 1711 lignis
716 1623 883 1688 calefactat
905 1629 1029 1686 aenum.

119 1769 175 1829 170
199 1757 263 1822 Sed
284 1769 378 1822 vocat
401 1779 504 1843 usque
527 1733 632 1834 suum,
657 1778 722 1842 qua
744 1755 885 1843 populus
908 1754 1010 1820 adsita
1033 1754 1128 1819 certis

198 1887 374 1954 Limitibus
395 1887 500 1952 vicina
522 1886 628 1974 refigit
646 1886 756 1975 jurgia
766 1854 778 1950 :⁵
808 1898 972 1973 tamquam

199 2019 248 2084 Sit
270 2019 436 2108 proprium
460 2019 645 2106 quicquam,
668 2029 789 2105 puncto
812 2017 901 2104 quod
923 2017 1050 2082 mobilis
1072 2015 1161 2098 horae

197 2154 294 2217 Nunc
315 2175 420 2240 prece,
445 2175 530 2216 nunc
553 2152 667 2239 pretio,
691 2174 777 2216 nunc
800 2151 844 2229 vi,
868 2173 953 2215 nunc
976 2162 1078 2214 morte
1102 2171 1250 2235 suprema

198 2286 364 2350 Permutet
387 2284 542 2363 dominos,
566 2296 598 2349 et
621 2286 713 2349 cedat
735 2285 769 2348 in
792 2283 892 2349 altera
910 2285 995 2371 jura.

120 2430 173 2491 175
198 2419 262 2497 Sic,
286 2419 363 2507 quia
384 2429 560 2506 perpetuus
582 2418 664 2482 nulli
687 2418 783 2483 datur
807 2442 895 2498 usus,
919 2431 951 2483 et
973 2418 1063 2483 heres

199 2551 360 2617 Heredem
383 2551 523 2638 alternis,
547 2551 637 2614 velut
660 2549 747 2614 unda
771 2549 955 2639 supervenit
979 2550 1120 2625 undam;

198 2684 285 2763 Quid
307 2684 370 2748 vici
392 2694 539 2771 prosunt,
563 2694 620 2746 aut
642 2682 779 2746 horrea?
811 2681 931 2767 quidve
956 2681 1102 2746 Calabris

199 2817 341 2882 Saltibus
363 2816 479 2904 adjecti
502 2814 652 2880 Lucani?
685 2813 710 2878 si
734 2813 826 2878 metit
850 2813 954 2877 Orcus

200 2949 345 3015 Grandia
367 2973 446 3025 cum¹
463 2948 582 3037 parvis,
606 2969 668 3013 non
691 2946 862 3011 exorabilis
884 2969 972 3010 auro.

118 3095 173 3147 180
197 3083 358 3161 Gemmas,
382 3082 531 3161 marmor,
555 3081 647 3160 ebur,
673 3078 983 3168 Tyrrhenasigilla,
1008 3078 1152 3155 tabellas,

198 3215 387 3302 Argentum,
411 3213 507 3278 vestis
532 3211 809 3279 Gaetulo'murice'
829 3212 955 3289 tinctas,
1086 3180 1088 3183 ἡ

199 3347 281 3412 Sunt
304 3346 447 3435 quinon
470 3345 629 3420 habeant;
655 3358 702 3410 est
725 3346 782 3432 qui
798 3357 869 3409 ‘non
892 3355 982 3410 curat
1005 3318 1140 3409 habere(

199 3481 268 3544 Cur
290 3479 370 3544 alter
392 3479 530 3543 fratrum
553 3480 683 3556 cessare,
707 3490 740 3542 et
762 3477 884 3556 ludere,
908 3489 939 3541 et
963 3477 1065 3564 ungui

199 3611 355 3676 Praeferat
379 3609 519 3675 Herodis
542 3609 689 3697 palmetis
712 3609 908 3697 pinguibus3
933 3607 1025 3673 alter

118 3755 172 3809 185
196 3742 296 3808 Dives
320 3754 351 3808 et
373 3743 576 3830 inportunus,
601 3740 642 3805 ad
666 3740 812 3806 umbram
834 3741 916 3805 lucis
938 3740 980 3805 ab
1002 3751 1077 3804 ortu

199 3877 383 3942 Silvestrem
405 3875 540 3942 flammis
562 3887 595 3940 et
618 3876 702 3940 ferro
725 3874 850 3963 mitiget
873 3832 1005 3963 agraim:

199 4011 266 4076 Scit
290 4010 425 4089 Genius,
448 4009 553 4074 natale
576 4031 680 4074 comes
703 4009 760 4096 qui
783 4019 944 4095 temperat¹
960 4008 1094 4083 astrum,

200 4145 335 4210 Naturae
357 4142 437 4208 dens
459 4142 618 4217 humanae,
643 4138 784 4204 mortalis
807 4139 839 4202 in
864 4141 978 4203 unum-

340 4375 364 4406 v.
380 4357 431 4405 171.
448 4354 521 4414 Vulg.
536 4353 658 4402 Rrrncrr.
892 4351 942 4399 173.
959 4321 1048 4400 Soura.

381 4449 431 4496 176.
445 4446 580 4495 Aurasius.
893 4443 944 4491 182.
959 4443 1055 4492 Cnarr.
