2828 5122
468 487 739 553 CARMINUM
771 487 848 550 Lm.
867 482 917 548 ΙΙ,

340 689 381 751 In
405 687 478 751 sinu
500 687 605 751 ferens
629 688 715 750 Deos

383 821 430 883 Et
453 841 536 883 uxor
559 829 591 883 et
613 819 675 896 vir,
700 817 909 906 sordidosque
931 827 1031 881 natos.

336 951 438 1017 Nulla
460 953 576 1016 certior
599 962 706 1016 tamen

276 1097 314 1146 30
383 1085 524 1181 Rapacis
547 1084 624 1149 Orci
647 1083 721 1148 sede
743 1082 903 1147 destinata

336 1214 421 1281 Aula
444 1215 577 1280 divitem
599 1226 707 1283 manet
767 1248 778 1297 ‚-

253 1334 255 1347 ¹
384 1349 519 1412 Herum.
545 1346 625 1434 quid
649 1348 736 1412 ultra
758 1345 887 1411 tendis?
918 1364 1016 1430 aequa-
1035 1343 1156 1443 tellus

336 1479 477 1567 Pauperi
500 1479 690 1557 recluditur,

361 1614 580 1700 'Regumque
602 1610 729 1700 pueris:
754 1631 812 1676 nec
836 1609 960 1676 satelles
983 1602 1060 1674 Orci

277 1757 314 1810 35
339 1745 504 1811 Callidum
527 1745 719 1810 Promethea

385 1878 536 1957 Revexit,
560 1900 640 1943 auro
662 1889 786 1966 captus.
810 1875 863 1941 hio
887 1874 1061 1963 superbum

340 2008 516 2073 Tantalum
540 2020 639 2095 atque
662 2006 796 2100 Tantali

384 2140 497 2206 Genus
520 2148 662 2206 coercet:
687 2140 739 2205 hic
761 2139 869 2204 levare
884 2104 1039 2203 ‘functum

339 2274 519 2361 Pauperem
541 2274 719 2352 laboribus,
783 2332 786 2339 .

278 2419 316 2469 40
385 2407 525 2471 Vocatus
548 2417 646 2493 atque
670 2429 734 2471 non
758 2417 891 2472 vocatus
914 2404 1014 2470 audit.

638 2806 760 2881 XIX.

558 3028 600 3076 IN
630 3028 835 3078 BACCHUM.

343 3184 530 3268 Baccnurr
553 3205 588 3268 iu
611 3205 741 3269 remotis
764 3203 904 3279 carmina
926 3203 1063 3290 rupibus

341 3335 416 3399 Vidi
439 3335 602 3401 docentem
629 3336 764 3421 (credite
786 3337 921 3424 posteri)

389 3469 622 3557 Nymphasque
645 3469 808 3548 discentis,
832 3480 864 3534 et
887 3469 974 3534 auris
1062 3437 1066 3443 .

434 3600 654 3689 capripedum
679 3602 869 3690 Satyrorum
892 3612 1011 3665 acutas.

300 3743 318 3794 5
342 3731 448 3796 Euoe!
480 3732 599 3797 receuti
621 3756 710 3798 mens
734 3732 874 3820 trepidat
897 3743 996 3809 metu,

342 3864 507 3951 Pleuoque
531 3865 650 3930 Bacchi
672 3877 801 3953 pectore
824 3864 992 3930 turbidum

388 3996 546 4062 Laetatur.
571 4001 661 4062 euoe!
693 4021 789 4084 parce
814 3997 923 4074 Liber,

434 4129 546 4207 Parce,
570 4129 662 4216 gravi
685 4128 854 4193 metuende
877 4127 997 4216 thyrso.

345 4261 409 4326 Fas
432 4262 605 4348 pervicacis
629 4262 670 4326 sit
693 4261 771 4324 mihi
796 4259 975 4348 Thyiadas,

483 4452 507 4482 v.
517 4437 541 4482 9.
558 4435 631 4495 Vulg.
647 4435 694 4482 Esr
710 4433 768 4482 mihi
783 4434 913 4482 Turnum.
934 4454 941 4475 x
