2828 5122
464 493 736 558 CARMINUM
762 492 847 558 Lu.
867 496 894 559 1.

634 763 711 836 xl.
767 718 770 724 ’

500 960 553 1010 AD
584 960 840 1010 LEUCONOEN.

164 1111 223 1193 Tu
245 1153 286 1194 ne
309 1130 473 1218 quaesieris
498 1129 593 1216 (scire
616 1128 721 1214 nefas)
746 1151 843 1216 quem
866 1127 956 1207 mihi,
981 1150 1078 1215 quem
1100 1129 1161 1194 tibi

166 1262 279 1327 Finem
303 1263 349 1353 Di
371 1262 529 1341 dederint,
555 1263 746 1338 Leucono&
771 1285 830 1326 nec
854 1260 1051 1349 Babylonios

167 1396 319 1462 Teutanis
341 1418 499 1461 numeros.
525 1406 563 1460 ut
586 1397 711 1475 melius,
736 1396 900 1485 quidquid
922 1394 995 1476 erit,
1019 1397 1105 1484 pati;
1179 1441 1198 1462 ,ι

90 1537 94 1547 ’
167 1529 230 1593 Seu
252 1528 357 1617 pluris
379 1529 509 1607 hiemes,
535 1552 591 1594 seu
615 1529 731 1594 tribuit
755 1527 912 1616 Juppiter
935 1528 1092 1607 ultimam,

115 1674 135 1724 5
163 1663 245 1739 Quae
266 1683 353 1725 nunc
376 1660 532 1749 oppositis
555 1660 703 1726 debilitat
725 1660 910 1749 pumicibus
932 1683 1019 1725 mare

166 1795 384 1884 Tyrrhenum.
410 1795 524 1882 sapias,
549 1795 625 1859 vina
646 1794 762 1881 liques,
786 1804 818 1859 et
842 1794 946 1880 spatio
968 1794 1060 1858 brevi

167 1929 262 2015 Spem
284 1928 415 2015 longam
438 1951 565 2018 reseces.
591 1927 671 1992 dum
693 1927 869 2013 loquimur,
893 1925 1015 2014 fugerit
1038 1927 1148 1992 invida

167 2063 277 2126 AEtas:
304 2086 398 2150 carpe
421 2061 518 2139 diem,
543 2084 641 2148 quam
664 2060 832 2124 minimum
855 2059 987 2123 credula
1009 2072 1145 2147 postem.

511 2660 563 2708 AD
595 2661 826 2710 AUGUSTUM.

258 2808 374 2907 Qunu
399 2827 505 2890 virum
529 2838 586 2891 aut
608 2828 707 2892 heroa
729 2829 802 2918 lyra
825 2829 876 2892 vel
900 2830 965 2894 acri

257 2960 355 3025 Tibia
379 2961 478 3024 sumis
501 2960 671 3038 celebrare,
698 2961 795 3025 clio?

256 3093 358 3169 Quem
383 3093 515 3157 Deum?
545 3092 640 3179 cujus
663 3093 784 3159 recinet
804 3096 914 3182 jocosa

347 3224 612 3312 Nomen'imagm

213 3367 231 3419 5
256 3356 330 3443 Aut
345 3357 378 3420 in
403 3355 561 3420 umbrosis
587 3356 753 3421 Heliconis
776 3359 840 3422 oris

256 3491 323 3554 Aut
346 3511 442 3576 super
466 3488 591 3564 Pindo;
617 3489 765 3577 gelidove
787 3492 820 3555 in
845 3493 974 3569 Haemo,

256 3623 353 3692 Unde
375 3623 518 3687 vocalem
541 3634 658 3688 temere
680 3623 833 3689 insecutae

228 3751 235 3770 ¹
345 3756 476 3842 Orphea
500 3756 599 3834 silv'ae,

255 3889 333 3953 Arte
355 3900 500 3954 materna
518 3889 648 3977 rapidos
671 3900 848 3954 morantem

192 4034 230 4084 10
255 4021 444 4087 Fluminum
467 4023 577 4087 labsus
601 4023 776 4111 celerisque
790 4035 922 4100 .ventos‚

254 4154 416 4219 Blandum
441 4169 473 4220 et
497 4156 619 4220 auritas
642 4156 761 4221 fidibus
785 4155 909 4220 canoris

345 4289 472 4352 Ducere
497 4312 645 4375 quercus.
752 4350 755 4357 .

254 4422 340 4499 Quid
364 4423 456 4511 prius
478 4422 581 4487 dicam
606 4423 706 4508 solitis
732 4422 879 4486 Parentis
