2828 5122
448 467 720 533 CARMINUM
752 469 830 533 th.
849 469 920 534 111.

326 665 509 752 Antequam
523 664 647 731 stantis
669 677 794 757 repetat
816 664 967 753 paludes

265 808 302 860 10
326 796 488 863 Imbrium
511 796 711 862 divina'avis
733 796 958 874 inminentum,

325 931 476 996 Oscinem
500 936 633 997 curvum
656 953 749 1019 prece
773 931 934 996 suscitabo

418 1063 500 1129 Solis
523 1063 565 1128 ab
588 1074 673 1129 ortu.

325 1194 377 1259 Sis
399 1195 474 1261 licet
496 1195 576 1262 felix
599 1196 797 1283 ubicumque
819 1196 932 1272 mavis,
1025 1180 1039 1264 ,¹

323 1327 371 1392 Et
393 1349 515 1393 memor
537 1324 651 1404 nostri,
677 1327 825 1405 Galatea,
849 1328 956 1392 vivas:

265 1470 300 1522 15
326 1459 442 1546 Teque
465 1482 522 1524 nec
545 1460 647 1524 laevus
671 1470 759 1525 vetat
781 1459 828 1525 ire
851 1459 955 1547 picus,

415 1593 484 1659 Nec
508 1616 591 1681 vaga
613 1592 734 1657 cornix.

325 1725 389 1790 sed
412 1725 502 1790 vides
525 1736 648 1812 quanto
672 1723 811 1812 trepidet
835 1700 980 1789 t'umunu

323 1858 452 1921 Pronus
475 1857 600 1922 Orion?
633 1881 694 1944 ego
717 1856 797 1944 quid
822 1855 863 1920 sit
887 1867 955 1921 ster

324 1988 471 2069 Hadriae,
496 1989 583 2069 novi,
608 1989 716 2063 sin'us;
742 1999 774 2053 et
798 1987 878 2075 quid
902 1987 997 2053 albus

261 2135 301 2186 20
415 2123 532 2188 Peccet
557 2122 674 2210 Iapyx.

325 2255 479 2321 Hostium
492 2266 621 2319 'uxores
643 2254 803 2342 puerique
826 2277 926 2319 caecos

325 2387 471 2454 Sentiant
494 2399 602 2453 motus
624 2387 757 2452 orientis
778 2387 893 2466 austri,
917 2397 948 2452 et
1032 2461 1035 2466 ¹
1093 2426 1096 2430 ι

220 2504 222 2509 ’
325 2519 482 2608 AEquoris
505 2519 590 2607 nigri
612 2518 790 2598 fremitum,
813 2535 846 2585 et
870 2519 1035 2585 trementis

415 2653 557 2718 Verbere
580 2653 675 2741 ripae.

171 2780 177 2785 ’
261 2799 299 2850 25
325 2785 377 2850 Sic
401 2746 591 2873 et'Europe
613 2785 745 2850 niveum
768 2783 879 2849 doloso

326 2918 475 2984 Credidit
498 2930 592 2984 tauro
614 2919 721 2993 latus;
746 2930 780 2984 at
804 2929 975 2984 scatentem

325 3049 437 3114 Beluis
459 3060 596 3136 pontum
619 3048 804 3137 mediasque
823 3048 974 3114 fraudes·

417 3181 542 3246 Palluit
565 3181 682 3256 audax.

324 3316 439 3404 Nuper
461 3315 497 3380 in
519 3314 623 3402 pratis
646 3314 789 3380 studiosa
812 3316 939 3401 florum,
963 3327 995 3380 et
1028 3341 1033 3385 ς

264 3427 304 3513 30
325 3447 454 3515 Debitae
478 3447 641 3538 Nymphis
665 3447 774 3535 opifex
798 3470 935 3527 coronae,

326 3582 430 3646 Nocte
454 3580 612 3647 sublustri
634 3579 716 3645 nihil
739 3593 825 3646 astra
846 3593 965 3670 praeter

416 3712 509 3778 Vidit
531 3724 563 3778 et
586 3713 698 3778 undas.

328 3848 410 3925 Quae
433 3846 530 3912 simul
553 3858 682 3913 centum
705 3849 813 3937 tetigit
835 3858 1013 3938 potentem·

326 3980 466 4069 Oppidis
490 3982 620 4062 Creten,
646 3983 815 4046 Parnasi
839 3983 985 4047 relictum
1023 3987 1025 3991 ’

264 4126 301 4178 35
326 4114 421 4179 Filiae
444 4137 571 4194 nornen,
596 4099 776 4203 pietasque,
799 4115 895 4194 dixit,
963 4141 967 4153 ¹

418 4247 512 4312 Victa
534 4248 664 4312 furore!

357 4425 430 4472 velt.
446 4423 521 4482 Vulg.
538 4425 560 4472 V
563 4439 632 4471 arsr.
706 4455 709 4461 -
836 4425 875 4472 26.
891 4411 996 4474 Exstat.
1096 4472 1098 4477 .
