2828 5122
472 453 666 518 ‘EPODON
699 454 857 518 LIBER.

253 652 318 717 Hic
340 652 531 716 inresectum
555 675 639 717 saeva
661 651 756 717 dente
778 653 879 717 livido

299 785 435 852 Canidia
457 784 572 851 rodens
595 785 753 873 pollicem,
778 841 779 844 ,

252 918 339 997 Quid
363 916 471 982 dixit?
504 890 562 981 ¹aut
585 916 666 1003 quid
688 917 813 982 tacuit?
862 918 1113 997 Orebuemeis

195 1063 229 1115 50
297 1051 371 1114 Non
393 1047 537 1113 infideles
560 1048 701 1126 arbitrae,

257 1183 343 1260 Nox,
369 1193 401 1246 et
425 1181 541 1259 Diana,
566 1204 641 1267 quae
664 1181 825 1246 silentium
848 1181 944 1269 regia

297 1315 422 1378 Arcana
444 1336 518 1377 cum
542 1313 625 1377 fiunt
648 1336 755 1387 sacra3

254 1447 363 1523 Nunc,
386 1469 472 1510 nunc
495 1445 619 1510 adeste:
654 1468 739 1510 nunc
762 1447 796 1510 in
819 1446 944 1511 hostilis
966 1441 1078 1512 domos

301 1581 388 1644 Iram
412 1591 511 1666 atque
533 1601 652 1642 numen
675 1579 809 1644 vertite:

196 1723 228 1776 55
253 1711 481 1776 Formidolosis
504 1711 583 1775 dum
605 1710 707 1775 latent
731 1710 819 1774 silvis
842 1711 930 1789 ferm,

300 1843 399 1907 Dulci
423 1864 536 1930 sopore
559 1841 738 1929 languidae:

255 1978 379 2055 Senem,
404 1974 493 2061 quod
516 1997 624 2038 omnes
647 1973 783 2050 rideant,
807 1974 991 2039 adulterum

299 2107 436 2171 Latrent
461 2105 641 2172 Suburauae
664 2129 767 2184 canes,
864 2121 866 2126 ’

255 2237 366 2303 Nardo
388 2250 597 2326 perunctum
615 2237 711 2323 quale
733 2259 797 2300 non
820 2239 995 2326 perfectius

198 2373 232 2434 60
300 2374 387 2436 Mem
409 2370 585 2435 laborarint
608 2391 732 2434 manus.

256 2503 342 2582 Quid
366 2503 507 2567 accidit?
541 2525 599 2566 cur
621 2503 693 2566 dira
714 2503 861 2568 barbarae
884 2484 990 2568 minus

299 2636 429 2700 Venena
452 2633 579 2699 Medeae
603 2635 734 2698 valent?

254 2767 381 2846 Quibus
404 2765 574 2854 superbam
598 2765 685 2853 fugit
709 2765 779 2830 ulta
801 2766 959 2853 pellicem,
989 2825 991 2828 ,
1080 2749 1083 2760 ‚

300 2899 417 2987 Magni
442 2899 589 2963 Creontis
613 2898 731 2972 flliam;

198 3035 231 3097 65
255 3035 340 3098 Cum
362 3032 460 3120 palla,
485 3032 561 3096 tabo
584 3055 702 3096 munus
724 3031 888 3110 inbutum,
912 3054 1028 3124 novam

301 3163 458 3228 lucendio
480 3174 617 3250 nuptam
640 3162 784 3233 abstulit.

255 3294 357 3382 Atqui
380 3318 437 3359 nec
456 3294 561 3382 ¹herba
582 3318 640 3359 nec
663 3296 765 3360 latens
786 3294 820 3358 in
843 3294 963 3383 asperis

301 3427 410 3492 Radix
433 3426 549 3491 fefellit
572 3449 622 3490 me
645 3427 737 3500 locis„
849 3493 854 3497 ,

256 3559 417 3625 Indormit
440 3559 548 3622 unctis
570 3558 714 3622 omnium
738 3557 899 3626 cubilibus

199 3702 233 3761 70
302 3690 473 3756 Oblivione
496 3690 657 3778 pellicum.

256 3825 345 3889 Aha!
384 3825 508 3889 solutus
532 3822 676 3903 ambulat
700 3823 848 3888 veneficae

303 3963 487 4028 Scientioris
510 3961 658 4026 carmine.

256 4098 331 4161 Non
354 4094 493 4172 usitatis,
521 4094 613 4171 Vere,
637 4092 824 4180 potionibus

302 4229 348 4313 (0
372 4228 476 4292 multa
498 4225 650 4290 fleturum
675 4236 772 4312 caput
786 4228 811 4307 l)

528 4419 551 4451 v.
563 4403 600 4450 71.
616 4400 691 4460 Vulg.
706 4401 756 4458 Aa,
773 4415 817 4446 au.
