2844 5130
342 552 349 571 ,
442 488 1021 555 nrrsronunuu·n1s.1.·1s.
1252 487 1317 553 241

230 686 294 750 Nec
315 685 443 767 furtum
464 686 538 765 feei,
561 708 620 751 nec
641 686 733 775 fugi3
749 687 785 751 ¹si
808 685 887 750 mibi
908 684 988 750 dicit

229 817 361 883 Servus:
387 816 499 883 Habes
520 819 681 906 pretium
705 817 782 882 loris
804 824 871 882 non
892 816 1004 895 ureris,
1028 816 1089 881 aio.

161 955 164 969 '
228 952 298 1016 Non
320 951 480 1018 bominem
503 952 622 1017 occidi:
647 953 723 1022 Non
737 973 854 1039 pasces
876 951 910 1015 in
932 973 1026 1016 cruce
1048 973 1170 1016 corvos.

229 1084 304 1149 Sum
326 1085 443 1164 bonus,
466 1098 499 1150 et
521 1085 610 1172 frugi
620 1087 631 1149 τ’
653 1083 766 1149 renuit·
776 1084 969 1171 'negitatque
991 1082 1146 1148 Sabellus.

159 1194 211 1273 ⁴50
229 1217 349 1282 Cautus
371 1216 456 1281 enim
477 1216 593 1282 metuit
614 1215 871 1303 foveamlupus,
894 1191 1109 1303 accipiterque

227 1350 556 1437 Suspectoslaqueos‚
580 1360 613 1414 et
635 1361 783 1440 opertum
805 1346 925 1412 millius
947 1347 1088 1424 hamum.

227 1481 373 1547 Oderunt
395 1505 525 1570 peecare
546 1481 635 1560 boni,
659 1482 789 1546 virtutis
811 1504 935 1547 amore:

227 1613 279 1678 Tu
302 1613 381 1679 nihil
406 1614 554 1679 admittes
575 1614 610 1678 in
633 1626 676 1692 te,
699 1613 869 1679 formidine
891 1636 1005 1701 poenae.
1114 1590 1118 1597 Ι

228 1745 272 1811 Sit
295 1769 367 1833 spes
390 1746 533 1825 fallendi,
557 1744 814 1837 misoebissacra
835 1745 986 1838 profanis.

166 1875 205 1932 ⁵5
228 1877 307 1944 Nam
330 1877 372 1943 de
393 1877 480 1943 mille
501 1876 586 1943 fabae
607 1878 723 1944 modiis
745 1901 819 1943 oum
842 1876 982 1965 subripis
1005 1897 1124 1950 unum;

227 2007 387 2091 Damnum
410 2023 469 2090 est,
492 2032 557 2075 non
580 2010 715 2088 facinus,
729 1993 816 2074 mihi
839 2020 935 2097 pacto
956 2007 1060 2074 lenius
1081 2007 1155 2072 isto.

225 2141 281 2207 Vir
300 2143 418 2221 bonus,
440 2126 661 2208 omnezforum
683 2165 779 2233 quem
800 2151 925 2229 'spectat
946 2152 980 2206 et
1001 2163 1095 2208 omne
1117 2137 1271 2216 tribunal,

224 2275 500 2363 Quandocumque
521 2275 682 2341 Deos‘vel
704 2299 802 2363 porco
824 2277 876 2341 vel
898 2275 980 2342 bove
1002 2274 1120 2362 placat,
1245 2349 1247 2354 ,

223 2410 307 2475 lane
329 2415 442 2497 pater,
455 2410 551 2488 clare,
573 2410 657 2476 clare
679 2432 763 2497 oum,
776 2410 870 2490 dixit,
893 2408 1028 2498 Apollo:

137 2517 199 2588 ⁶⁰
222 2539 334 2606 Labra
350 2549 462 2608 movet
484 2553 629 2608 metuens
651 2541 777 2616 studim
802 2541 944 2610 Pulchra
966 2541 1128 2618 Laverna,

221 2675 277 2738 Da
298 2673 377 2738 mihi
399 2675 519 2754 fallere,
543 2675 585 2740 da
603 2675 694 2763 justo
716 2686 889 2763 sanctoque
910 2674 1031 2741 videri:

222 2807 360 2872 Noctem
382 2808 530 2895 peooatis,
553 2820 587 2874 et
607 2809 777 2874 fraudibus
799 2808 901 2897 objice
923 2808 1051 2873 nubem.

223 2938 288 3017 Qui
310 2939 422 3004 melior
444 2963 555 3019 servo,
569 2942 628 3029 qul
647 2941 778 3031 liberior
801 2941 843 3006 sit
855 2951 1009 3020 avarus,
1057 2974 1060 2980 ·
1161 2950 1164 2955 '

223 3072 265 3137 In
288 3072 393 3138 triviis
416 3073 518 3138 fixum
540 3080 618 3160 oum'
637 3098 670 3140 se
692 3075 833 3141 demittit
856 3074 898 3142 ob
921 3098 1042 3153 assem,-

130 3178 195 3254 65
223 3203 297 3269 Non
320 3204 422 3271 video.
445 3207 601 3294 namqui
625 3207 744 3296 cupiet,
768 3219 890 3273 metuet
912 3228 1060 3295 quoque:
1085 3227 1182 3292 porro

222 3335 287 3415 Qui
309 3344 454 3403 metuens
476 3338 568 3417 vivit,
590 3338 673 3404 liber
694 3340 774 3405 mihi
795 3362 860 3404 non
882 3339 944 3405 erit
966 3360 1129 3425 umquam.

223 3467 370 3533 Perdidit
392 3492 498 3550 arum,⁴
514 3470 621 3536 locum
643 3472 773 3537 virtutis
794 3471 949 3550 deseruit,
973 3469 1031 3557 qui

223 3598 353 3688 Semper
370 3601 409 3666 in
432 3603 578 3690 augenda
599 3603 729 3671 festinat
751 3615 783 3668 et
806 3603 956 3670 obruitur
978 3626 1021 3667 re.
1097 3637 1099 3643 ·
1178 3628 1180 3633 ·

221 3731 365 3800 Vendere
386 3707 460 3799 cum
474 3735 585 3822 'possis
607 3736 781 3826 captivum,
805 3736 948 3805 occidere
970 3735 1054 3805 noli:
1080 3799 1083 3805 ,
1128 3796 1130 3802 ,

141 3851 199 3926 70
223 3865 343 3930 Serviet
367 3866 509 3935 utiliter:
533 3869 600 3935 sine
621 3883 731 3960 paseat
753 3869 856 3937 durus
878 3876 1027 3958 aretque:
1068 3881 1078 3936 '.

222 3996 373 4086 Naviget,
396 4023 433 4066 ao
456 4001 569 4067 mediis
586 4002 705 4069 hiemet
727 4018 883 4071 mercator
903 4004 939 4069 in
963 4001 1074 4071 undis:
1096 4014 1098 4018 '
1130 4013 1133 4018 '

220 4129 362 4195 Annonae
384 4133 497 4219 prosit,
521 4146 628 4223 portet
650 4135 811 4205 frumenta
833 4156 1008 4222 penusque.

220 4259 279 4324 Vir
300 4262 404 4327 bonus
427 4276 459 4331 et
483 4265 607 4354 sapiens
630 4265 762 4332 audebit
784 4267 899 4345 dicere,
925 4265 1072 4330 Pentheu

237 4449 261 4480 v·
276 4434 315 4484 ⁴6.
331 4434 406 4496 Vulgj
421 4437 511 4487 Drcur.
539 4466 541 4470 ·
571 4440 609 4489 49.
625 4439 821 4492 Nasamona(
872 4439 1209 4491 (inhumanaretur.

707 4540 734 4618 Q
