2844 5130
486 455 524 531 Q.
551 454 974 522 HORAT11.‚FLACCI

317 653 450 722 Laudat
471 675 550 717 rura
573 654 643 718 sui:
679 677 754 718 mox
779 653 880 719 reficit
903 666 988 719 rates

316 788 467 865 Quassas,
490 756 638 850 indocilis
661 787 846 874 pauperiem
870 787 948 874 pati.

317 922 380 986 Est
404 920 542 1008 quinae
559 918 683 985 ueteris
706 922 823 1008 pocula
847 920 992 997 Massici,

255 1067 294 1118 20
316 1055 385 1118 Nec
407 1063 532 1141 partem
556 1052 658 1117 solido
682 1052 808 1117 demere
832 1052 872 1116 de
895 1052 947 1116 die

223 1148 228 1158 i
317 1185 465 1274 Spernit3
491 1206 577 1249 nunc
600 1165 697 1248 viridi
721 1184 864 1249 membra
887 1185 950 1249 sub'
971 1183 1092 1249 arbuto
1179 1191 1180 1196 ’

316 1320 457 1395 Stratus,
481 1338 569 1381 nunc
592 1315 635 1380 ad
657 1339 751 1403 aquae
774 1316 845 1381 lene
868 1326 967 1404 caput
992 1339 1102 1381 sacrae.

316 1450 445 1514 Multos
467 1461 572 1514 castra
590 1449 721 1536 juvant,
746 1436 884 1514 eslitu'o
908 1448 997 1514 tubae

316 1582 503 1648 Permixtus
525 1581 660 1660 sonitus,
684 1581 835 1669 bellaque
857 1581 1015 1646 matribus
1041 1636 1043 1640 .

254 1729 291 1780 25
316 1716 494 1780 Detestata.
518 1725 626 1779 manet
649 1713 710 1778 sub
734 1715 819 1778 Jove
841 1713 961 1801 frigido
1087 1691 1092 1696 ι

314 1850 467 1927 Venator,
492 1858 608 1912 tenerae
632 1847 779 1934 conjugis
801 1845 975 1920 inmemor;

317 1981 381 2045 Seu
405 1979 475 2045 visa
496 1990 545 2044 est
567 1979 684 2044 catulis
707 2000 801 2045 cerva
823 1977 985 2056 fidelibus,

316 2114 380 2177 Seu
404 2111 496 2199 rupit
518 2111 628 2177 teretis
651 2111 784 2176 Marsus
807 2133 885 2199 aper
908 2110 1030 2197 plagas.

315 2243 375 2308 Me
397 2243 566 2312 doctarum
589 2241 693 2312 ederae
715 2241 849 2329 praemia
871 2241 1028 2305 frontium

164 2457 166 2460 .
254 2389 293 2440 30
316 2377 377 2441 Dis
400 2375 533 2440 miscent
557 2375 700 2462 superis;
726 2397 777 2439 me
799 2374 944 2462 gelidum
967 2394 1093 2450 nemus,

305 2477 610 2598 [Nymbharumque
632 2509 718 2573 leves
741 2531 815 2573 cum
841 2508 966 2595 Satyris
988 2507 1078 2572 chori

317 2644 494 2706 Secernuut
516 2642 657 2730 populo:
692 2641 845 2739 sineque
869 2639 965 2705 tibias

315 2774 462 2861 Euterpe
485 2773 624 2852 cohibet,
647 2795 705 2837 nec
730 2745 947 2862 ruyhymna

315 2906 481 2972 Lesboum
503 2904 636 2993 refugit,
649 2903 779 2970 tendere
800 2904 961 2970 barbiton.

253 3052 291 3105 35
315 3038 411 3120 Quod
435 3036 462 3104 si
485 3057 546 3126 me·
559 3036 688 3126 Lyricis
711 3037 988 3114 vatibusinseris,

315 3172 453 3238 Sublimi
475 3171 588 3236 feriam
612 3171 716 3236 sidera
738 3171 868 3236 vertice·

705 3592 757 3666 ΙΙ.

581 3805 633 3853 ΔΙ)
659 3805 883 3855 AUGUSTUM.
975 3818 978 3821 ’

359 3967 385 4049 J
389 4007 454 4048 au.
467 3982 543 4048 satis
566 3982 660 4046 terris
683 3982 775 4045 nivisv
789 3993 888 4069 atque
910 3983 1003 4048 dirae'

361 4116 537 4181 Grandiuis
559 4114 646 4178 misit
671 4117 780 4193 Pater,
806 4127 837 4180 et
861 4117 1011 4181 rubente

361 4249 504 4312 Dextera
527 4269 631 4311 sacras
651 4247 814 4334 jaculatus
837 4271 924 4312 arces

452 4379 586 4444 Terruit
610 4379 752 4445 Urbem:
