2844 5130
138 458 204 523 118
492 461 530 537 Q.
556 459 769 532 HORATII
787 459 979 524 .FLACCI

412 659 509 723 Nunc
532 671 564 723 et
587 658 716 724 latentis
739 659 884 747 proditor
907 659 1020 724 intimo

416 793 538 857 Gratus
561 786 679 879 puellae
701 791 784 856 risus
808 791 849 856 ab
872 791 1003 879 angulo,

455 926 644 1012 Pignusque
667 922 836 1013 dereptum
858 925 996 1005 lacertis,

500 1052 566 1122 sut
589 1058 693 1145 digito
715 1059 798 1123 mue
821 1030 985 1146 persnas.

707 1463 760 1535 X.

560 1683 612 1733 AD
643 1682 906 1733 MERCURIUM.

366 1844 565 1938 Muscosi,
589 1859 727 1924 facunde
750 1881 848 1947 nepos
872 1859 1022 1939 Atlantis,

365 1996 429 2072 Qui
451 1994 537 2059 feros
559 1993 668 2056 cultus
690 1991 856 2058 hominum
879 2004 1044 2058 recentum

364 2128 449 2192 Voce
472 2125 618 2191 formasti
641 2137 743 2202 catus,
767 2136 800 2190 et
823 2124 947 2190 decorae

456 2260 550 2322 More
573 2259 750 2346 pslaestrae:

322 2407 340 2458 5
364 2397 416 2459 Te
439 2395 561 2472 canani,
584 2393 693 2480 magni
716 2392 811 2456 Jovis
834 2404 866 2457 et
891 2393 1035 2457 Deorum

362 2527 535 2605 Nuntium,
560 2519 734 2613 c'urvaeque
755 2525 837 2616 lyrae
859 2538 1044 2615 parentem
1082 2607 1085 2611 Ι

364 2659 540 2738 Callidum,
565 2659 723 2746 quioquid
746 2661 881 2748 placuit,
901 2663 1012 2750 jocoso

455 2793 602 2859 Condere
624 2794 723 2858 furto.

363 2930 427 3006 Te,
450 2929 548 2993 boves
571 2928 647 2991 olim
671 2928 731 2992 nisi
755 2906 947 2993 reddidisses

303 3075 339 3126 10
363 3063 426 3126 Per
449 3061 561 3126 dolum
583 3072 716 3139 amotas,
740 3084 878 3149 puerum
901 3062 1017 3126 minaci

365 3196 450 3259 Voce
473 3195 552 3260 dum
575 3205 685 3274 terret,
710 3194 830 3259 viduus
852 3196 1005 3283 pharetra

456 3328 542 3393 Risit
566 3328 692 3416 Apollo.

366 3460 453 3538 Quin
477 3471 509 3524 et
532 3459 674 3539 Atridas,
698 3459 847 3539 docete,
873 3461 1039 3549 superbos,
1062 3512 1074 3549 y.

364 3594 429 3657 Ilio
451 3591 541 3657 dives
564 3593 714 3657 Priamus
737 3593 860 3671 relicto,

292 3741 338 3814 ⁴15
364 3725 602 3811 Thessalosque
624 3725 720 3812 ignis,
745 3739 777 3792 et
799 3721 912 3814 iniqua
936 3727 1045 3792 Troioe

374 3895 379 3911 ·
456 3860 571 3924 Castra
593 3858 717 3923 fefellit.

365 3993 421 4055 Tu
445 3991 515 4078 pias
537 3991 621 4056 laetis
644 3992 764 4056 animas
786 3993 915 4079 reponis
992 4020 996 4027 ·

367 4124 516 4202 Sedibus,
541 4125 697 4212 virgaque
719 4125 822 4190 levem
846 4133 970 4190 coerces

367 4258 472 4323 Aurea
496 4259 636 4336 turbam,
661 4258 784 4346 superis
808 4259 952 4323 Deorum

305 4405 344 4455 20
459 4390 593 4469 Gratus,
618 4404 649 4456 et
673 4393 752 4456 imis.
