2844 5130
405 407 442 484 o.
469 404 889 496 uonnrururcm

565 964 726 1039 XXIV.

489 1187 541 1235 ΔΙ)
572 1186 807 1245 VIRGlLIUM.

235 1357 332 1457 Qurs
356 1375 512 1441 desiden'o
535 1377 576 1442 sit
598 1376 706 1464 pudor
723 1389 785 1456 tout
808 1376 925 1442 modus

235 1511 319 1575 Tam
343 1510 569 1601 caricnpitis?
589 1510 740 1600 'praecipe
762 1511 920 1600 lugubris·

235 1646 369 1723 Cantus,
394 1644 611 1732 Melpomene,
635 1646 688 1710 cui
710 1644 867 1740 liquidnm
890 1655 1005 1732 pater.

279 1779 398 1845 Vocem
422 1800 495 1844 cum
518 1742 641 1845 cithara
664 1779 763 1844 dedit.
801 1819 803 1824 ·

195 1924 212 1975 5
235 1912 327 2000 Ergo
350 1909 545 1989 Quintilium
567 1921 745 1998 perpetuus
768 1931 863 1998 sopor

233 2045 388 2132 Urguet?
420 2042 473 2108 cui
497 2041 621 2122 Pudor,
645 2054 678 2109 et
700 2043 846 2108 Justitiae
870 2065 959 2107 soror

233 2177 429 2264 Incorrupta
451 2176 560 2254 Fides,
585 2177 737 2265 nudaque
760 2177 887 2243 Veritas

278 2307 415 2385 Quando
438 2307 543 2372 ullum
565 2308 705 2372 inveniet
728 2311 862 2395 parem?

232 2443 351 2509 Multis
372 2443 427 2508 ille
449 2442 542 2507 bonis
563 2441 679 2508 flebilis
702 2442 839 2516 occidit3

172 2588 208 2640 ιο
232 2575 325 2642 nuru
347 2574 483 2641 flebilior
507 2547 605 2663 quam
629 2575 701 2653 obi,
727 2574 853 2664 virgin.

233 2710 289 2773 Tu
311 2706 434 2772 frustra
455 2707 540 2794 pius,
564 2706 628 2772 heu
651 2706 786 2771 nonita
809 2706 978 2786 creditum,

278 2840 388 2904 Poscis
411 2837 606 2917 Quintilium
629 2837 726 2902 Deos.

234 2970 329 3049 Quod
353 2970 379 3034 si
404 2968 555 3034 Threicio
576 2968 727 3034 blandius
751 2970 883 3057 Orpheo

232 3101 386 3168 Auditum
410 3100 572 3166 moderere
595 3100 765 3165 arboribus
788 3100 904 3174 fidem;

174 3248 208 3300 15
232 3235 307 3301 Non
330 3247 421 3302 vau'ae
443 3233 553 3298 redeat
576 3233 707 3321 sanguis
730 3233 875 3321 imagini,

278 3369 382 3446 Quam
405 3366 497 3453 virga
512 3365 615 3430 esemel
637 3364 778 3444 horrida,
815 3383 816 3387 ’

235 3504 309 3568 Non
332 3501 412 3566 lenis
435 3500 584 3588 precibus
606 3500 674 3565 fata
696 3500 871 3580 recludere,

234 3636 338 3724 Nigro
361 3633 541 3722 conpulerit
564 3633 748 3697 Mercurius
771 3634 873 3721 gregi.

234 3769 383 3832 Durum:
418 3766 473 3831 sed
496 3765 600 3830 levius
622 3764 659 3828 fit
681 3765 847 3851 patientia,

59 3975 64 3982 ι
173 3914 211 3965 20
280 3898 444 3987 Quicquid
467 3896 625 3984 corrigere
648 3909 696 3961 est
720 3898 817 3963 nefas.
