2844 5130
464 506 734 574 SERMONUM
759 507 842 578 'Lus
861 510 888 572 Ι.
913 522 941 573 4.

215 705 478 794 Ignoscas-vitiis,
502 720 618 772 teneor.
642 707 785 772 fortassis
807 719 839 772 et
860 707 954 772 istinc

213 837 541 926 Largiterabstulerit
563 840 660 926 longa
683 852 770 918 setas,
793 840 873 904 liber
897 840 1026 918 amicus,
1128 856 1133 863 ’

214 968 381 1032 Consilium
404 971 580 1056 proprium.
604 993 708 1057 neque
730 971 824 1050 enim,
848 988 930 1035 cum
943 968 1079 1035 lectulus
1101 982 1157 1036 aut
1179 994 1229 1036 me

214 1099 361 1166 Porticus
375 1102 513 1189 excepit,
536 1101 647 1167 desum
669 1103 765 1168 mihi:
791 1104 924 1169 Rectius
945 1103 1006 1168 hoc
1028 1115 1092 1168 est:

158 1239 194 1292 135
212 1232 277 1296 Hoc
297 1234 420 1299 faciens·
437 1234 543 1299 vivam
562 1235 696 1300 melius:
730 1237 774 1301 sic
794 1236 899 1302 'dulcis
922 1237 1029 1300 amicis

212 1364 394 1430 Occurram:
416 1365 479 1431 hoc
500 1366 631 1453 quidam
654 1390 716 1434 nou
739 1368 840 1433 belle:
864 1367 1022 1454 numquid
1045 1391 1104 1455 ego
1126 1368 1192 1432 illi·

211 1495 395 1582 Imprudens
416 1498 494 1563 olim
516 1498 629 1564 faciam
653 1499 775 1565 simile?
815 1500 898 1565 Haec
920 1524 980 1588 ego
1003 1522 1125 1565 mecum

211 1628 392 1716 Conpressis
413 1629 628 1718 agito'labris.
653 1631 709 1695 ubi
733 1630 812 1717 quid
835 1632 931 1697 datur
953 1633 1009 1709 oti,

209 1758 330 1825 inludo
344 1761 470 1827 chartis.
494 1761 555 1826 hoc
577 1774 634 1827 est⁴
646 1762 857 1827 mediocribus
878 1763 944 1827 illis

139 1900 187 1950 140
206 1891 256 1954 Ex
277 1893 364 1958 vitiis
386 1917 504 1959 unum:
530 1893 582 1958 cui
606 1895 631 1959 si
655 1893 822 1960 concedere
845 1895 943 1971 noles,

206 2025 312 2091 Multa
333 2037 500 2114 poetarum
523 2028 628 2093 veniet
650 2027 773 2104 manus,
797 2027 917 2091 auxilio
940 2048 1012 2112 quae

206 2156 253 2220 Sit
275 2158 352 2223 mihi
377 2160 464 2242 (nam
487 2159 590 2224 multo
611 2161 720 2248 plures
742 2163 866 2244 sumus)
890 2183 926 2223 ac
950 2159 1049 2223 veluti
1063 2171 1103 2223 te

204 2288 323 2368 «Iudaei,
347 2314 495 2379 cogemus
517 2292 549 2356 in
572 2292 653 2356 hanc
677 2291 846 2363 concedere
868 2292 1004 2355 turbam.

574 2714 765 2810 assoon
793 2751 832 2810 v.

205 2921 401 3007 Ecaussuu
426 2965 542 3030 magua
563 2967 614 3008 me
636 2945 756 3031 accepit
780 2942 886 3008 Aricia
910 2944 1014 3008 Roma

204 3072 353 3160 Hospitio
375 3074 533 3149 modicos.
551 3076 657 3141 rhetor
680 3097 783 3141 comes
806 3075 1012 3153 Heliodorus,
1129 3111 1132 3118 ,

203 3206 388 3284 Graecorum
411 3210 506 3297 louge
529 3211 746 3275 doctissimus:
771 3209 846 3275 inde
870 3211 990 3274 Forum
1015 3208 1112 3297 Appi,

205 3339 375 3406 Differtum
397 3343 514 3422 nautis,
538 3343 736 3430 cauponibus
759 3354 856 3428 atque
878 3315 1034 3430 malignis.

155 3487 175 3537 5
205 3473 276 3539 Hoc
297 3475 490 3565 iteriguavi
512 3476 688 3555 divisimus,
712 3477 809 3542 altius
830 3499 868 3540 aa
890 3500 948 3541 uos

204 3607 385 3673 Praecinctis
406 3630 525 3673 unum:
550 3609 655 3672 minus
678 3618 725 3672 est
747 3609 854 3695 gravis
877 3608 983 3694 Appia
1006 3608 1113 3671 tardis.

203 3738 268 3803 Hic
290 3764 361 3827 ego,
383 3753 515 3829 propter
538 3763 664 3827 aquam,
689 3739 866 3828 quoderat
889 3740 1059 3818 teterrima,
1084 3741 1188 3804 venti

201 3869 314 3936 Indico
335 3871 467 3951 bellum,
491 3873 633 3938 cenantis
653 3872 742 3936 haud
760 3872 869 3949 'animo
892 3894 984 3957 aequo

202 4003 402 4090 Exspectare
422 4004 561 4071 comites.
582 4005 650 4092 jam
672 4012 736 4069 nox
758 4003 907 4068 inducere
930 4003 1022 4066 terris

135 4147 177 4199 lo
201 4135 353 4214 Umbras,
376 4149 408 4202 et
430 4138 508 4203 eaelo
531 4135 710 4202 diffundere
734 4135 823 4223 signa
844 4134 988 4220 parabat..

202 4265 290 4330 Tum
312 4270 404 4355 pueri
428 4269 545 4347 nautis,
569 4269 676 4356 pueris
699 4267 841 4331 convicia
863 4277 968 4330 nautae

255 4455 277 4488 r.
290 4442 340 4490 140.
356 4442 429 4502 Vulg,
444 4443 532 4492 Nous.
650 4443 699 4490 141.
717 4443 823 4491 Vanrnr.
939 4442 961 4488 7.
978 4440 1137 4488 Dumnacus.
