2844 5130
487 507 757 574 SERMONUM
788 510 864 573 L1n.
883 511 910 573 I.
935 522 963 574 4.

236 704 332 770 Suove
353 707 443 770 locus
465 708 545 772 voci>
558 720 684 773 resonat
706 709 881 772 conclusus.
904 708 1006 772 inanis

235 825 305 908 Hoc⁸
318 839 425 925 juvat,
448 839 536 904 haud
558 840 640 905 illud
662 841 845 927 quaerentis,
868 842 945 904 nuni
969 839 1034 911 eine
1057 856 1161 916 sensu,

235 958 386 1058 Tempore
408 993 486 1035 num
507 972 626 1037 feriant
649 972 758 1036 alieno.
806 972 939 1037 Loedere
961 970 1092 1058 gaudes,

234 1101 352 1189 Inquit,
375 1116 409 1168 et
429 1101 496 1169 hoc·
513 1104 620 1169 studio
641 1127 760 1192 pravus
782 1105 869 1168 senis.
917 1104 1012 1169 Unde
1033 1102 1171 1190 petitum

189 1243 215 1295 80
232 1235 298 1300 Hoc
313 1237 354 1301 ¹iu
377 1258 427 1302 me
445 1239 549 1324 jacis?
579 1250 626 1303 est
649 1249 760 1320 auctor
782 1238 855 1324 quis
877 1237 1013 1324 denique
1034 1256 1145 1301 eorum
1176 1289 1181 1296 .

233 1363 301 1431 Vixi
322 1390 396 1433 eum
418 1370 560 1456 quibus?
590 1370 751 1434 absentem
774 1371 830 1456 qui
852 1367 937 1434 rodit
960 1369 1115 1443 amicum3

232 1499 290 1576 Qui
313 1522 377 1564 non
392 1500 554 1580 defendit,
578 1501 641 1567 olio
664 1502 831 1589 culpenter
858 1502 978 1566 solutos

231 1631 290 1708 Qui
313 1644 421 1722 captat
442 1633 525 1697 risus
547 1632 723 1710 hominum,
736 1624 926 1720 'famamque
949 1632 1064 1697 dicacis
1073 1656 1087 1704 3¹

231 1762 364 1850 Fingere
386 1765 528 1850 quinon
551 1765 619 1829 viso
640 1776 764 1853 potest;
789 1765 942 1829 conmissa
965 1776 1067 1829 tacere

173 1903 208 1954 85
228 1894 289 1972 Qui
310 1897 443 1982 nequit;
467 1896 520 1960 hio
542 1897 632 1984 niger
654 1908 720 1961 est:
744 1896 829 1960 hune
851 1907 900 1972 tu,
925 1894 1077 1973 Romane,
1102 1904 1219 1958 ca'veto.

229 2026 319 2114 Saepe
341 2027 445 2092 tribus
467 2028 557 2092 lectis
579 2028 687 2093 videas
709 2035 818 2093 cenare
841 2033 1031 2115 quetemosr

227 2155 256 2220 Ε
280 2159 399 2244 quibus
421 2179 505 2223 nnus
527 2171 611 2224 amet
633 2160 747 2246 quavis
768 2182 934 2248 aspergere
956 2169 1097 2237 cunctos,

227 2289 348 2355 Praeter
370 2312 444 2354 eum
466 2292 523 2377 qui
545 2292 667 2378 praebet
690 2313 822 2378 aquam:
847 2292 1027 2379 posthunc
1050 2307 1179 2377 quoque
1199 2298 1309 2375 potus,

228 2421 365 2486 Condito
387 2444 460 2486 eum
482 2444 579 2487 verax
602 2423 704 2509 aperit
726 2423 900 2510 proeoordie
924 2420 1031 2487 Liber⁸

166 2566 205 2628 90
229 2550 292 2619 Hic
314 2555 375 2620 tibi
397 2557 493 2621 eomis
515 2569 547 2621 et
570 2556 711 2621 urbanus
733 2556 876 2643 liberque
898 2556 1037 2635 videtur,

230 2686 348 2753 Infesto
371 2688 487 2776 nigris:
513 2712 573 2775 ego
595 2690 621 2752 si
643 2690 709 2766 risi,
733 2689 822 2776 quod
842 2691 969 2775 ineptus

209 2899 211 2904 Ι
229 2820 384 2904 Pastillos
399 2820 541 2885 Rufillus
561 2821 638 2899 olet,
662 2820 852 2915 Gorgonius
866 2821 1001 2898 hircum,

228 2950 363 3016 Lividus
385 2963 417 3016 et
438 2930 571 3017 'mordax
595 2917 704 3017 ¹videor
728 2953 810 3018 tibi?
841 2953 959 3018 mentio
982 2953 1074 3039 siqua

229 3083 278 3146 De
301 3083 474 3170 Capitolini
496 3084 592 3148 furtis
615 3085 731 3172 injecta
754 3085 862 3149 Petilli

156 3229 198 3292 95
227 3214 275 3278 Te
297 3237 402 3278 eorem
424 3213 542 3290 fuerit3
567 3215 730 3294 defendas,
754 3226 790 3278 ut
814 3226 890 3280 tuus
913 3222 960 3279 est
982 3234 1069 3305 mos:

226 3344 283 3410 Me
306 3346 511 3432 capitolinus
529 3348 707 3417 convictore
730 3370 807 3411 usus
829 3347 992 3432 amicoque
1042 3355 1044 3359 ’

224 3478 252 3542 Α
275 3500 376 3565 puero
397 3490 455 3557 est,
479 3495 635 3566 causaque
658 3502 728 3547 mea
750 3480 909 3566 permulta
930 3489 1061 3566 rogatus

225 3608 336 3684 Fecit3
361 3621 393 3674 et
414 3610 581 3678 incolumis
602 3611 695 3677 laetor
717 3612 804 3698 quod
826 3611 906 3675 vivit
928 3611 961 3675 in
979 3609 1093 3676 Urbe:

225 3740 288 3805 Sed
311 3752 415 3810 tamen
437 3742 587 3822 admiror,
611 3766 676 3830 quo
698 3755 792 3831 paeto
811 3742 969 3830 judicium
991 3740 1074 3811 illud
1173 3814 1175 3816 ,

135 3888 200 3944 100
223 3874 367 3961 Fugerit.
414 3875 480 3939 Hie
503 3876 604 3962 nigrae
627 3899 739 3942 succus
761 3876 912 3964 loliginis,
934 3875 1002 3939 haee
1021 3885 1073 3937 est
1133 3899 1136 3906 ·

224 4007 352 4093 AErugo
373 4028 477 4072 mera:
501 4009 590 4094 quod
612 3975 726 4073 vitium
749 4011 862 4096 procul
884 4003 1119 4080 efore'ohartis

223 4137 332 4224 Atque
353 4137 458 4203 animo
479 4139 581 4225 prius,
605 4151 641 4203 ut
666 4140 692 4203 si
715 4139 796 4227 quid
816 4139 1000 4227 promittere
1022 4135 1063 4203 de
1084 4157 1135 4198 me

223 4269 357 4332 Possum
380 4269 468 4333 aliud
490 4293 574 4347 vere,
597 4271 757 4357 promitto.
781 4270 911 4334 liberius
935 4269 960 4331 si

286 4451 310 4481 v.
320 4435 357 4483 79.
373 4435 445 4494 Vulg.
461 4436 556 4487 Iunius.
701 4439 738 4486 87.
754 4438 830 4484 Avnr.
962 4435 1011 4481 923
1028 4432 1181 4480 Gonoouius

699 4558 716 4596 n
728 4549 745 4598 2
