2844 5130
448 481 719 548 SERMONUM
752 484 829 547 Lis.
848 485 876 547 1.
901 496 928 548 2.

148 657 153 672 ¹
198 679 273 742 Nam
292 677 388 743 simul
410 701 446 744 ao
469 703 565 745 venas
586 680 710 745 inflavit
733 692 816 746 tetra
837 681 948 760 libido,

160 841 163 845 ⁴
199 810 266 874 Huc
284 811 419 898 juvenes
441 834 571 898 aequum
594 824 641 877 est
664 812 862 892 descendere,
885 832 949 878 non
972 814 1088 879 alienas

154 953 182 1004 35
199 944 370 1009 Permolere
392 966 516 1010 uxores.
564 945 674 1010 Nolim
695 945 868 1024 laudarier,
890 946 1009 1032 inquit,
1044 999 1047 1003 .

197 1075 239 1141 Sic
260 1099 321 1155 me,
346 1077 477 1141 mirator
499 1077 595 1142 cunni
619 1077 818 1166 Cupiennius
841 1076 915 1142 albi.
952 1094 955 1099 ·

197 1209 306 1274 Audire
330 1221 377 1274 est
400 1232 507 1298 operae
527 1209 679 1298 pretium,
702 1207 979 1298 procederereote

197 1341 252 1418 Qui
272 1341 412 1408 moeohos
431 1365 495 1406 non
516 1342 624 1422 voltis,
647 1354 685 1407 ut
708 1343 796 1407 omni
816 1354 908 1431 parte
924 1341 1095 1415 slabo‘rent3

196 1472 298 1560 thue
319 1473 384 1539 illis
405 1475 509 1539 multo
532 1486 684 1562 corrupta
704 1474 812 1539 dolore
833 1475 993 1563 voluptas,

154 1615 180 1666 tt
196 1608 293 1696 Atque
314 1608 384 1674 haec
403 1631 487 1687 rara,
510 1609 602 1674 cadat
624 1609 708 1674 dura
726 1609 810 1674 inter
832 1632 916 1697 saepe
936 1608 1064 1696 pericla

162 1761 164 1767 ·
195 1742 252 1808 Hie
272 1767 307 1812 ,se
322 1739 527 1832 'proeoipitem
551 1755 636 1810 teoto
659 1743 766 1809 dedit-z
792 1743 847 1808 ille
868 1744 1003 1832 flagellis

192 1874 237 1939 td
258 1887 392 1941 mortem
411 1899 529 1941 cresus:
557 1877 684 1966 fugiens
706 1877 759 1941 hic
782 1876 899 1941 decidit
922 1896 1026 1941 acrem

182 2006 379 2090 ,Praedonum
400 2008 434 2072 in
456 2009 606 2073 turbam:
632 2008 721 2074 dedit
744 2009 797 2073 hic
817 2031 878 2098 pro
899 2030 1031 2096 corpore
1052 2028 1198 2073 nummos
1208 2032 1218 2086 ε,

191 2139 288 2203 Hune
305 2140 546 2227 perminxerunt
569 2141 712 2216 calones;
740 2140 820 2227 quin
842 2141 938 2205 etiam
959 2138 1041 2203 illud
1138 2189 1140 2195 .

139 2280 170 2332 45
190 2271 320 2350 Accidit,
344 2283 382 2336 at
405 2273 532 2337 cuidam
554 2272 645 2336 testis
666 2272 867 2359 caudamque
890 2272 1023 2336 salacem

189 2401 389 2468 Demeterent
411 2403 505 2468 ferro.
526 2402 600 2490 jure
623 2426 748 2468 omnes.-
787 2402 895 2468 Galba
916 2403 1063 2490 negabat.

189 2535 304 2600 Tutior
326 2547 360 2600 at
383 2548 505 2623 quanto
526 2559 616 2600 merx
639 2548 686 2601 est
708 2537 743 2600 in
765 2536 864 2601 classe
884 2534 1045 2604 secunda!

188 2668 423 2733 Libertinarum
445 2665 538 2734 dico:
570 2669 740 2734 Sallustius
762 2670 794 2735 in
819 2690 884 2755 qua

188 2801 256 2864 Non
279 2801 385 2866 minus
406 2802 537 2880 insanit,
563 2824 659 2888 quam
683 2801 740 2888 qui
762 2801 949 2866 moechatur.
974 2811 1016 2864 at.
1029 2800 1082 2864 hic
1105 2800 1143 2878 si,

134 2942 168 2993 50
188 2934 255 3011 Qua
276 2957 339 3012 res,
363 2958 429 3021 qua
449 2933 532 2999 ratio
555 2934 711 3013 suaderet,
739 2956 868 3021 quaque
890 2933 1031 2999 modeste

188 3067 343 3133 Munifieo
365 3086 431 3134 esse
452 3060 539 3146 licet,
562 3067 657 3132 vellet
679 3067 784 3132 bonus
806 3079 904 3154 atque
926 3064 1085 3154 benignus

188 3199 283 3276 Esse3
308 3196 399 3264 daret
422 3211 580 3287 quantum
604 3200 679 3264 satis
702 3211 793 3278 esset,
817 3221 873 3263 nec
897 3199 958 3264 sibi
981 3199 1097 3265 damno

188 3331 403 3418 Dedecorique
425 3331 516 3397 foret
542 3354 652 3397 verum
675 3331 736 3395 hoc
759 3354 791 3394 se
814 3331 1018 3418 amplectitur
1040 3352 1117 3406 uno,

188 3465 265 3530 Hoo-
280 3477 367 3530 amat
389 3476 425 3535 et,
443 3465 573 3529 laudat:
606 3466 790 3528 Matronam
812 3463 934 3527 nullam
957 3487 1016 3551 ego
1032 3463 1146 3561 tango·

140 3600 170 3654 55
189 3595 233 3660 Ut
254 3595 416 3682 quondam
441 3594 599 3661 Marsaeus
622 3605 743 3660 amator
768 3594 919 3682 Originis,
942 3595 997 3658 ille

171 3708 246 3807 ‘Qui
268 3730 410 3818 patrium
432 3730 537 3794 mimae
559 3729 657 3794 donat
679 3728 881 3815 fundumque
902 3728 1075 3814 laremque,

189 3860 239 3925 Nil
260 3861 360 3926 fuerit
374 3862 437 3940 mi,
460 3861 578 3948 inquit,
601 3883 674 3925 eum
698 3862 853 3927 uxoribus
875 3883 1028 3948 umquam
1051 3859 1169 3924 alienis.

189 3991 301 4056 Verum
322 4003 372 4057 est
394 4015 467 4056 cum
490 3993 609 4070 mimis,
629 4005 677 4058 est
700 3979 773 4057 cuni
796 3992 1014 4057 meretricibus
1024 4016 1036 4054 s
1059 3991 1145 4056 unde

188 4121 282 4189 Fama
304 4124 424 4188 malum
447 4125 588 4212 gravius,
613 4147 710 4212 quam
733 4148 793 4204 res,
818 4124 991 4203 trahit,1an
1015 4123 1075 4189 tibi
1093 4124 1223 4190 'abunda

139 4252 169 4314 60
188 4253 355 4322 Personam
379 4256 454 4321 satis
477 4269 535 4336 est,
558 4279 621 4322 non
644 4257 737 4335 illud,
761 4257 917 4345 quioquid
940 4257 1060 4345 ubique

259 4449 283 4481 v.
293 4431 331 4481 ³8.
347 4431 422 4492 Vulg.
433 4431 545 4481 illaesus.
598 4432 641 4481 46.
657 4431 811 4479 Damaratam
821 4447 933 4480 ransom.
992 4435 1029 4481 48.
1041 4433 1070 4480 ln
1086 4447 1156 4483 uuas.
