2828 5122
424 488 696 552 CARMINUM
729 487 806 551 Lus.
825 488 853 551 1.

316 687 414 752 Dices
436 685 612 752 laborantis
635 686 669 749 in
693 707 758 750 uno
814 671 818 674 Δ

206 834 245 884 20
360 818 543 906 Penelopen
566 817 766 904 vitreamque
791 788 915 882 Circen.

271 956 336 1019 Hic
355 954 537 1025 ,innocentis
560 953 677 1041 pocula
701 953 811 1018 Lesbii

270 1089 378 1152 Duces
402 1087 463 1151 sub
488 1087 619 1151 umbra:
654 1108 712 1150 nec
737 1085 909 1149 Semeleius

319 1222 404 1284 Cum
428 1221 538 1283 Marte
561 1218 736 1282 confundet
761 1217 939 1305 Thyoneus

362 1352 500 1416 Proelia:
537 1375 595 1416 nec
618 1322 741 1415 metues
764 1362 952 1438 protervum

207 1498 245 1548 25
271 1486 428 1571 Suspecta
452 1485 595 1571 Cyrum3
621 1506 661 1547 ne
684 1484 766 1547 male
789 1482 910 1569 dispari

272 1614 506 1680 Incontinentis
529 1614 652 1703 injiciat
675 1635 801 1691 manus,

317 1750 363 1813 Et
387 1747 511 1812 scIndat
534 1746 707 1843 haerentem
731 1768 879 1810 coronam

364 1879 528 1958 Crinibus,
552 1879 798 1964 inmeritamque
821 1890 950 1943 vestem.

563 2294 727 2368 XVIII.
817 2234 819 2240 Α

524 2515 576 2562 AD
608 2515 759 2565 VARUM.

134 2673 317 2773 Numnam,
341 2691 435 2769 Vare,
461 2714 550 2755 sacra
573 2691 638 2755 vite
661 2691 752 2778 prius
776 2692 893 2756 severis
915 2693 1061 2757 arborem
1085 2780 1090 2787 .

135 2826 232 2890 Circa
254 2823 332 2888 mite
356 2824 459 2888 solum
484 2823 630 2902 Tiburis,
655 2835 687 2889 et
711 2826 829 2889 moenia
853 2825 961 2890 Catili.

139 2958 237 3022 Siccis
260 2956 367 3020 omnia
389 2978 463 3020 nam
486 2956 569 3020 dura
593 2957 683 3021 Deus
706 2958 893 3045 proposuit:
929 2981 1034 3045 neque

138 3091 310 3155 Mordaces
332 3089 425 3155 aliter
448 3088 626 3176 diffugiunt
649 3089 888 3155 sollicitudines.
1139 3174 1141 3182 Ι

85 3221 105 3272 5
140 3224 219 3302 Quis
242 3234 316 3311 post
339 3223 415 3286 vina
437 3244 569 3310 gravem
592 3221 751 3310 militiam,
775 3234 832 3288 aut
853 3223 1037 3310 pauperiem
1062 3227 1195 3310 crepat?

142 3357 220 3434 Quis
243 3378 307 3419 non
330 3366 363 3419 te
385 3354 506 3442 potius,
531 3354 656 3419 Bacche
679 3366 782 3442 pater,
807 3367 915 3442 teque,
939 3347 1052 3420 decens
1077 3357 1207 3420 Venus?

141 3489 186 3552 Ac
209 3511 249 3552 ne
272 3486 347 3574 quis
369 3485 485 3551 modici
510 3486 667 3552 transiliat
691 3509 824 3553 munera
848 3487 972 3567 Liberi,

112 3700 115 3711 v
143 3622 324 3686 Centaurea
345 3630 453 3684 mouet
475 3641 549 3684 cum
574 3620 725 3707 Lapithis
747 3603 822 3685 rina¹
842 3644 938 3708 super
962 3644 1049 3686 mero

143 3754 329 3819 Debellata:
363 3764 471 3817 monet
496 3752 651 3818 Sithoniis
674 3776 737 3818 non
760 3753 840 3818 levis
864 3754 990 3829 Euius;

85 3892 121 3948 10
142 3887 225 3950 Cum
249 3886 298 3950 fas
321 3896 419 3971 etque
441 3885 531 3949 nefas
553 3886 672 3973 exiguo
694 3885 757 3951 fine
778 3879 951 3983 libidinum

140 4000 344 4084 *Discernunt
367 4017 462 4082 avidi.
487 4040 550 4082 non
575 4042 635 4105 ego
658 4032 701 4096 te,
726 4018 860 4083 candide
883 4020 1052 4096 Bassareu,

144 4152 289 4216 Invitum
313 4150 475 4237 quatiam3
505 4175 563 4216 nec
586 4151 683 4215 variis
706 4150 810 4215 obsita
832 4149 1017 4214 frondibus⁴
1096 4191 1098 4199 ·

145 4284 213 4348 Sub
236 4283 349 4348 divum
374 4283 505 4370 rapiam.
531 4307 615 4347 saeva
638 4293 709 4345 tene
733 4305 806 4346 cum
831 4282 1023 4371 Berecyntio

525 4474 548 4504 v.
559 4458 582 4504 7.
600 4457 673 4516 Vulg.
690 4456 727 4503 Ar
738 4472 775 4504 ue.
