2844 5130
469 494 738 563 SERMONUM
772 495 848 559 Lrn.
867 496 915 559 11.
928 509 966 563 ,3.

227 691 365 757 Maxima
387 714 460 780 pars
482 694 647 759 hominum
669 695 780 760 morbo
798 695 940 782 jactatur
963 692 1081 758 eodem
1143 707 1144 712 ’

226 824 320 888 Filius
345 836 402 889 aut
425 825 522 890 etiam
541 826 609 891 baec
631 827 766 891 libertus
788 837 825 889 ut
847 826 955 890 ebibat
977 825 1078 902 heres,

225 956 277 1020 Dis
298 956 426 1022 immine
449 981 555 1036 senex,
575 957 742 1023 custodis?
766 980 805 1022 ne
828 957 888 1022 tibi
901 957 1009 1022 desit:

225 1087 531 1164 Quantulum'enim·
548 1112 679 1154 summae
702 1090 842 1155 curtabit
864 1089 999 1176 quisque
1022 1087 1157 1164 dierum,

165 1225 206 1278 125
224 1218 371 1305 Unguere
394 1218 424 1283 si
443 1219 542 1284 caulis
563 1220 794 1299 oleomeliore,
818 1232 978 1309 caputque
1072 1271 1073 1274 η
1181 1243 1184 1246 ·
1214 1243 1217 1246 “

226 1350 363 1438 Coeperis
384 1352 502 1440 inpexa
522 1352 646 1417 foedum
667 1354 851 1441 porrigine?
884 1375 993 1441 quare,

227 1483 256 1546 Si
277 1484 405 1570 quidvis
428 1485 504 1550 satis
525 1498 584 1569 est,
608 1485 764 1574 perjuras,
789 1487 932 1576 surripis,
956 1487 1061 1553 aufers

225 1614 396 1702 Undique?
428 1617 497 1681 tun'
520 1620 638 1682 sanus?
670 1617 827 1706 populum
851 1617 876 1681 si
899 1616 1025 1694 cadere
1042 1616 1125 1681 saxis

228 1744 372 1834 Incipias,
396 1770 541 1814 servosve
563 1759 621 1818 tuo
643 1771 724 1842 quos
747 1770 808 1812 aere
829 1747 969 1836 pararis;
1009 1728 1012 1734 ¹

165 1887 209 1938 130
227 1880 372 1946 Insanum
394 1893 428 1946 te
449 1905 557 1948 omnes
579 1883 681 1971 pueri,
705 1883 905 1969 clamentque
927 1881 1051 1969 puellae.

227 2016 302 2080 Cum
316 2016 782 2106 ,Inlueouxoreminterimia
805 2027 1002 2102 matremque
1024 2037 1154 2093 veneno,
1207 2045 1209 2049 ¹

228 2149 380 2214 Incolumi
403 2150 506 2238 capite
527 2154 584 2214 es?
608 2149 762 2238 quidni?
784 2171 889 2235 neque
911 2148 995 2213 enim
1016 2147 1077 2211 hoc
1099 2147 1176 2212 facis
1200 2147 1304 2236 Argis,

227 2280 396 2352 Neclerro
417 2294 455 2348 ut
477 2282 605 2357 demens
627 2281 817 2369 genetricem
839 2279 957 2345 occidis
981 2279 1116 2345 Orestes.

226 2413 269 2477 lln
291 2425 330 2478 tu
352 2414 430 2486 reris
453 2393 526 2489 eum
548 2414 650 2478 occisa
671 2413 823 2478 insanisse
839 2415 1000 2500 parente?

166 2550 206 2602 135
225 2543 266 2608 lc
287 2567 354 2617 non
376 2556 449 2610 ante
461 2545 561 2609 >malis
583 2544 758 2609 dementem
777 2554 888 2623 actum
912 2541 1037 2620 Furiis,
1054 2565 1152 2629 quam

226 2675 262 2738 In
285 2675 396 2749 matris
413 2676 532 2763 jugulo
553 2676 674 2740 ferrum
697 2674 850 2762 tepefecit,
866 2678 1020 2739 acutum?

224 2809 317 2887 Quin,
341 2830 383 2873 ex
405 2833 472 2897 quo
493 2821 542 2874 est
563 2809 693 2874 habitus
715 2807 797 2872 male
819 2818 899 2872 tutae
921 2807 1195 2886 mentisssrestes,

222 2940 373 3016 Nilsaue
394 2940 470 3006 fecit
493 2941 584 3028 quod
604 2952 641 3005 tu
664 2939 892 3026 reprehendere
914 2940 1033 3035 possis:

221 3072 293 3136 Nou
316 3071 569 3160 Pyladen'ferro
590 3072 719 3152 violare,
746 3092 881 3136 aususve
904 3093 1041 3135 sororem
1064 3083 1111 3135 est

146 3215 200 3268 140
221 3203 399 3269 Electram:
434 3215 559 3268 tantum
581 3203 740 3268 maledicit
763 3203 903 3289 utrique,
926 3201 1070 3266 vocando

221 3335 466 3414 Rauennam,
489 3336 574 3400 hunc
597 3335 696 3414 aliud,
716 3335 813 3423 jussit
836 3334 923 3421 quod
947 3335 1113 3423 splendida
1134 3334 1215 3399 bilis.

220 3469 348 3556 Pauper
371 3469 519 3558 Opimius
541 3471 664 3557 argenti
686 3469 782 3557 positi
803 3470 892 3535 intus
913 3480 945 3533 et
967 3470 1048 3549 auri,

221 3606 284 3683 Qui
308 3607 519 3672 Veientanum
541 3607 629 3672 festis
651 3618 762 3694 potare
783 3606 896 3671 diebus

219 3740 384 3829 Campana
405 3743 518 3808 solitus
540 3744 640 3809 trulla
661 3765 863 3832 vappamque
886 3743 1045 3830 profertis,
1080 3815 1081 3819 η
1128 3764 1130 3769 ’
1159 3815 1162 3818 ,

135 3890 194 3943 145
219 3876 387 3954 Quondam
399 3879 555 3968 ⁴lethargo
577 3880 691 3968 grandi
713 3892 761 3946 cst
783 3902 972 3968 oppressus;
998 3887 1035 3943 ut
1056 3877 1146 3942 heres

222 4013 295 4078 Jam
314 4014 437 4080 ¹circum
460 4016 581 4081 loculos
604 4029 636 4083 et
659 4017 756 4082 clavis
779 4016 873 4081 laetus
895 4037 1056 4101 ovansque
1115 4031 1116 4034 ’

224 4153 380 4218 Curreret.
404 4153 490 4218 hune
513 4154 654 4219 medicus
676 4155 814 4219 multum
838 4152 920 4216 celer
942 4163 1039 4238 atque
1061 4150 1162 4215 fidelis

331 4383 356 4414 v.
368 4366 418 4414 ns.
435 4366 509 4426 Vulg.
524 4368 598 4428 Tuos.
802 4366 853 4414 132.
869 4364 934 4422 Quid
944 4367 1022 4412 auru!
1039 4380 1115 4425 neque
1126 4380 1155 4411 ru
1167 4362 1220 4410 hoc.

369 4459 419 4507 133.
435 4459 545 4507 Occrmr.
805 4456 856 4504 139.
872 4456 919 4505 Esr
929 4457 995 4504 deest.
