2828 5122
435 456 705 522 SERMONUM
737 459 815 522 Lrn.
834 460 881 522 11.
908 471 935 523 4.

184 659 243 722 Est
265 677 371 744 operae
394 655 536 741 precium
559 654 698 744 duplicis
720 679 905 744 pernoscere
924 657 1008 745 juris
1060 742 1062 745 Ι

185 791 351 853 Naturam.
400 786 542 875 Simplex
565 811 583 852 e
605 786 694 853 dulci
716 801 839 856 constat
861 791 957 856 olivo.

133 927 161 987 65
183 923 223 989 At
246 921 363 1010 pingui
384 921 515 987 miscere
536 943 624 987 mero
645 923 813 1009 murisque
835 922 971 1002 decebit,

183 1057 256 1120 Non
278 1055 342 1121 alis
364 1076 462 1141 quam
485 1077 551 1141 qua
574 1054 732 1143 Byzantia
754 1055 865 1143 putuit
887 1079 979 1122 orcs:

184 1189 255 1253 Hoc
279 1186 338 1252 ubi
360 1185 529 1253 confusum
552 1187 644 1251 sectis
666 1187 821 1254 inferbuit
844 1187 961 1266 herbis,

186 1319 386 1408 Corycioque
407 1341 499 1384 croco
522 1340 667 1410 sparsum
691 1319 798 1394 stetit;
823 1320 953 1408 insuper
976 1320 1073 1388 addes
1126 1408 1129 1413 ⁸

185 1454 297 1517 Pressa
321 1450 508 1515 Venafrsnoe
531 1451 619 1537 quod
641 1451 739 1516 bacca
762 1452 881 1517 remisit
905 1453 1007 1518 olivae.

136 1596 165 1655 70
185 1583 309 1648 Picenis
332 1582 450 1648 cedunt
472 1582 576 1669 pomis
600 1581 754 1649 Tiburtia
777 1606 888 1649 succo:

186 1718 268 1782 Nam
291 1715 372 1780 facie
393 1726 556 1804 praestsnt.
605 1715 772 1792 Venucula
793 1717 940 1781 convenit
962 1716 1052 1781 ollis:

186 1849 317 1914 Rectius
340 1848 497 1913 Albanam
519 1847 610 1911 fumo
633 1846 797 1911 duraveris
820 1870 925 1912 uvsm.

185 1976 278 2046 Hsuc
301 2003 362 2068 ego
384 2001 458 2046 cum
480 1980 583 2056 mulis,
607 2001 668 2067 ego
689 1979 800 2044 foecem
822 1980 946 2067 primus
969 1991 1001 2047 et
1024 1981 1114 2060 allec,
1175 2021 1177 2026 ·

185 2114 312 2178 Primus
334 2123 367 2177 et
388 2111 532 2177 invenior
554 2111 648 2199 piper
670 2112 781 2177 album
803 2135 877 2178 cum
901 2112 965 2178 sule
986 2114 1081 2202 nigro

138 2254 165 2312 7⁵
187 2246 348 2310 Incretum
369 2244 461 2332 puris
484 2243 747 2331 circumposuisse
769 2244 893 2310 catillis.

188 2379 317 2465 inmune
340 2387 388 2442 est
410 2375 537 2454 vitium,
560 2374 637 2441 dare
660 2376 760 2441 millis
782 2389 873 2443 terna
894 2374 1038 2455 macello,

186 2509 395 2596 Angustoque
417 2530 515 2595 vegos
537 2505 633 2595 piscis
657 2531 795 2596 urguere
817 2509 932 2575 cstino.

187 2641 307 2728 Magna
328 2650 435 2705 movet
458 2639 620 2705 stomacho
641 2639 791 2716 fastidis;
819 2664 875 2706 seu
897 2663 979 2728 puer
1002 2637 1107 2706 unctis

187 2771 352 2839 Trsctovit
375 2770 503 2838 culicem
526 2771 684 2850 manibus,
708 2772 787 2837 dum
810 2772 899 2838 furtu
920 2772 1069 2861 ligurrit:
1152 2783 1153 2786 ’

140 2911 167 2964 80
187 2904 256 2968 Sive
277 2903 387 2992 gravis
408 2902 508 2968 veteri
531 2914 663 2970 craterae
684 2904 781 2970 limus
803 2904 946 2970 sdhoesit.

149 3110 152 3115 ⁴
184 3036 309 3102 vilibus
332 3036 366 3100 in
389 3036 503 3123 scopis,
526 3035 561 3100 in
583 3036 719 3124 mappis,
743 3037 778 3101 in
802 3037 906 3115 scobe,
929 3048 1070 3123 quantus

188 3167 339 3234 Consistit
363 3170 512 3235 sumtus?
541 3152 705 3254 neglectis,
728 3166 888 3256 flagitium
910 3167 1032 3255 ingens.

187 3300 265 3365 Ten'
287 3298 410 3388 lapides
432 3299 536 3364 varios
558 3299 719 3365 lutulenta
740 3298 852 3365 rodere
874 3299 992 3387 polrus,

186 3435 228 3498 Et
253 3433 373 3521 Tyrios
395 3432 471 3497 dare
494 3432 614 3497 circum
636 3432 737 3497 inlota
760 3431 873 3497 torulis
896 3430 1012 3506 vestis;

139 3572 166 3626 85
187 3565 344 3643 Oblitum,
367 3575 490 3651 quanto
512 3586 622 3664 cursus
646 3576 852 3652 sumtumque
874 3562 1028 3628 minorem
1099 3660 1101 3662 Ι
1157 3582 1161 3590 ’

187 3700 265 3764 Haec
288 3698 440 3777 habeant,
462 3709 554 3764 tanto
576 3697 764 3786 reprehendi
783 3697 910 3787 justius·
926 3695 1002 3774 illis,

187 3832 263 3910 (ᾖε
286 3830 349 3898 nisi
371 3830 527 3896 divitibus
548 3843 708 3918 nequeant
730 3830 914 3918 contingere
936 3828 1075 3893 mensis?

187 3966 287 4031 Docte
310 3965 396 4043 Cati,
420 3988 477 4053 per
500 3964 671 4031 amicitiam
695 3960 862 4053 Divosque
883 3974 1027 4050 rogetus,

187 4097 309 4164 Ducere
332 4119 384 4162 me
406 4097 564 4176 auditum,
588 4120 701 4185 perges
724 4118 939 4185 quocumque,
963 4106 1130 4160 memento.

268 4315 291 4363 r.
301 4314 340 4362 66.
356 4311 431 4372 Vulg.
446 4314 519 4370 Quor>
529 4312 611 4374 pingui
621 4312 687 4362 misc.
853 4354 859 4370 ,
870 4313 910 4361 66.
924 4312 945 4360 Ρ
947 4327 1047 4359 rrrrrrr

303 4405 341 4454 76.
356 4403 473 4453 Movuur.
872 4404 910 4451 87.
926 4402 1074 4472 Nsuusuur.
