2844 5130
466 489 738 554 SERMONUM
769 489 847 553 Lm.
866 490 892 552 Ι.
911 494 945 557 .6.
1251 488 1295 572 97

214 687 353 773 Namque
372 687 424 750 est'
438 686 503 763 ille,
527 697 618 774 pater
637 686 726 773 qnod
745 697 812 751 erat
831 709 928 752 meus.
977 689 1050 752 Hoc
1071 689 1130 753 tibi
1149 689 1295 765 Paullus,

213 819 253 882 Et
276 818 428 884 Messalla
448 818 589 884 videris?
621 829 655 883 at
677 817 739 896 hic,
765 819 789 881 si
807 817 935 905 ,plostra
956 819 1104 894 ducenta,

217 951 475 1038 concurrantque
495 950 566 1015 foro
589 951 651 1014 tria
673 951 798 1027 funera,
821 971 937 1039 magna
960 952 1083 1019 sonabit

214 1083 335 1147 Cornua
359 1082 447 1169 quod
467 1082 641 1168 vincatque
664 1081 775 1146 tubas:
811 1082 920 1149 saltem
944 1083 1035 1147 tenet
1053 1083 1113 1148 hoc
1136 1107 1202 1149 nos.

168 1224 194 1276 a
213 1216 301 1279 Nunc
323 1215 366 1280 ad
388 1237 439 1278 me
460 1214 555 1278 redeo
576 1213 725 1278 libertino
747 1225 838 1301 patre
860 1226 989 1280 natum:

213 1348 309 1424 Quem
332 1347 451 1411 rodunt
474 1369 582 1412 omnes
604 1346 754 1411 libertino
776 1360 868 1434 patre
891 1359 1020 1412 natum:

212 1480 313 1558 Nunc,
338 1479 421 1566 quia.
439 1501 508 1543 sum
531 1478 603 1557 tibi,
628 1480 800 1559 Maecenas,
824 1481 1006 1555 convictor3
1032 1492 1065 1544 at
1088 1480 1175 1558 olim,

213 1610 302 1701 Quod
324 1610 402 1674 mihi
425 1623 550 1698 pareret
573 1611 656 1697 legio
680 1613 825 1676 Romana
848 1613 989 1677 tribuno.

210 1742 368 1808 Dissimile
389 1743 450 1807 hoc
472 1742 519 1807 illi
542 1755 609 1807 est:
643 1744 816 1830 quianon,
841 1756 877 1808 ut
901 1744 993 1808 forsit
1016 1744 1186 1811 honorem

153 1885 189 1935 50
208 1875 287 1938 Jure
310 1873 388 1938 mihi
411 1874 551 1940 invideat
574 1874 692 1960 quivis,
715 1874 762 1938 ita
784 1886 815 1938 te
838 1897 967 1962 qnoque
990 1877 1146 1949 amicum;

207 2007 388 2078 Praesertim
411 2019 542 2072 cautum
565 2007 678 2094 dignos
701 2006 876 2084 adsumere,
903 2030 1003 2094 prava

208 2139 388 2205 Ambitione
409 2140 532 2226 procul.
557 2140 678 2204 felicem
702 2139 806 2204 dicere
828 2162 893 2230 non
914 2141 974 2208 hoc

207 2273 264 2337 Me
286 2284 431 2360 possunt,
455 2294 531 2337 casu
553 2271 642 2359 quod
664 2283 696 2336 te
719 2273 850 2337 sortitus
872 2273 1026 2338 amicum:

206 2405 306 2469 Nulla
327 2404 443 2469 etenim
465 2403 524 2468 tibi
547 2426 597 2467 me
619 2404 685 2467 fors
708 2399 835 2468 obtulit.
860 2404 1000 2491 optimus
1023 2404 1097 2468 olim

142 2548 180 2600 55
207 2535 370 2624 Virgilius,
394 2535 575 2624 posthunc
599 2536 725 2612 Varius,
750 2535 858 2600 dixere
881 2536 962 2622 quid
984 2559 1092 2602 essem.

207 2668 254 2732 Ut
277 2668 349 2734 veni
371 2689 497 2742 coram;
524 2667 698 2755 singultim*
711 2689 814 2754 panca
835 2667 974 2746 locutus,

209 2800 335 2884 (Infans
356 2822 493 2885 namque
515 2798 621 2886 pudor
644 2798 833 2885 prohibebat
855 2799 950 2885 plura
971 2783 1107 2885 profari)

208 2934 279 2997 Non
303 2955 362 3020 ego
383 2955 436 3003 me
458 2933 543 2997 claro
565 2936 675 2995 natum
698 2942 888 3019 patre,>non
912 2939 972 3018 'e'go
994 2931 1113 2996 circum

208 3066 263 3128 Me
288 3065 477 3129 Satureiano
499 3063 618 3128 vectari
641 3085 717 3127 rura
739 3062 873 3140 caballo,

131 3202 181 3262 60
208 3195 282 3275 Sed,
303 3196 392 3282 quod
414 3218 511 3272 eram,
535 3217 646 3259 narro:
682 3193 861 3280 respondes·
877 3193 929 3276 (ut
954 3204 1029 3257 tuus
1051 3204 1099 3258 est
1121 3198 1203 3278 moa)

207 3329 332 3393 Pauca:
366 3328 461 3393 abeo:
496 3339 528 3391 et
551 3349 679 3391 revocas
701 3348 784 3390 nono
806 3337 880 3412 post
902 3347 1018 3404 mense,
1039 3326 1198 3414 jubesque

206 3460 286 3523 Esse
307 3460 341 3523 in
362 3443 538 3539 amicorum
561 3469 701 3538 numero.
726 3479 878 3544 magnum
900 3456 960 3520 hoo
983 3481 1050 3544 ego·
1066 3457 1159 3534 duco,

207 3589 301 3667 Quod
322 3590 431 3678 placui
454 3589 525 3668 tibi,
549 3589 606 3676 qui
629 3589 718 3676 turpi
741 3589 874 3652 secernis
896 3588 1075 3666 honestum,

207 3722 281 3784 Non
303 3733 394 3809 patre
416 3722 580 3810 praeclaro,
605 3713 659 3785 sed
674 3720 750 3785 >vita
771 3732 803 3785 et
826 3731 954 3808 pectore
974 3743 1067 3807 puro.

137 3857 182 3916 65
206 3852 307 3940 Atqui
331 3854 358 3917 si
380 3819 466 3919 vitiis
489 3852 700 3918 mediocribus
723 3876 759 3918 ac
782 3875 852 3917 mea
873 3852 983 3940 paucis

207 3984 365 4050 Mendosa
386 3997 433 4051 est
456 3997 581 4063 natura,
607 3985 727 4072 alioqui
749 3997 854 4057 recta;
882 3984 984 4068 (velut
1009 3984 1034 4046 si

207 4116 348 4206 Egregio
370 4119 526 4206 inspersos
549 4117 720 4205 reprendas
743 4140 873 4205 corpore
896 4119 1020 4201 naevos)

317 4341 340 4371 v.
351 4325 389 4371 47.
405 4325 480 4383 Vulg.
496 4300 566 4383 Quia,
578 4325 705 4383 Maecenas,
716 4323 758 4372 tibi
768 4290 820 4371 aru,
971 4324 1010 4371 53:
1025 4321 1121 4370 Possun

351 4417 389 4464 54.
404 4415 518 4466 Maura.
597 4459 600 4464 ,
1084 4427 1086 4430 ·
