2828 5122
506 463 698 526 EPODON
729 462 887 528 LIBER.

662 842 734 918 VI.

467 1037 509 1085 IN
536 1037 705 1088 cnsst
731 1037 927 1088 SEVERUM.

283 1193 387 1294 Qum
410 1211 594 1276 inmerentis
616 1211 760 1302 hospites
782 1236 890 1290 vexas,
914 1215 1011 1293 canis,

329 1346 473 1433 Ignavus
496 1343 666 1409 adversum
689 1343 807 1432 lupos?

283 1478 369 1556 Quin
392 1477 456 1541 huc
478 1476 593 1556 inanis,
619 1478 644 1540 si
658 1490 771 1566 potes,
796 1479 895 1544 vertis
918 1480 1030 1559 minas,

327 1610 373 1673 Et
397 1631 447 1673 me
470 1631 686 1674 remorsurum
708 1609 816 1697 petis?

240 1753 257 1804 5
282 1742 366 1806 Nam
390 1742 495 1828 qualis
518 1752 575 1806 aut
599 1741 763 1808 Molossus
785 1754 842 1806 aut
865 1742 978 1808 fulvus
1001 1744 1122 1824 Lacon,

326 1874 438 1938 Amica
461 1873 727 1961 vis'pastoribus‚

280 2006 383 2094 Agam
406 2029 464 2095 per
487 2006 568 2071 altas
591 2028 668 2071 aure
691 2005 819 2072 sublata
841 2006 936 2085 nivis,
965 2056 968 2062 .

328 2139 549 2224 Quaecumque
572 2138 732 2233 praeuedet
755 2138 832 2203 fera.

283 2270 337 2334 Tu
362 2293 436 2334 cum
453 2240 600 2335 timenda
622 2293 700 2334 uoce
724 2270 878 2360 conplesti
902 2291 1025 2347 nemus,

224 2413 259 2464 10
326 2403 512 2491 Projectum
535 2401 679 2466 odoraris
702 2401 819 2466 cibum.

282 2536 380 2613 Cave,
404 2557 497 2599 cave:
531 2557 670 2620 namque
691 2535 725 2599 in
749 2534 849 2599 malos
872 2534 1065 2623 asperrimus

327 2669 446 2735 Parata
469 2668 548 2732 tollo
571 2690 709 2732 cornua:

282 2800 394 2879 Qualis
418 2800 593 2889 Lycambae
617 2811 745 2887 spretus
767 2799 867 2865 infido
890 2822 999 2888 gener,

326 2934 393 2999 Aut
416 2956 488 2998 acer
509 2932 611 2997 hostis
635 2933 772 3020 Bupalo.
851 2986 854 2991 .

225 3077 259 3129 15
282 3065 331 3130 An
356 3066 382 3130 si
406 3065 480 3153 quis
502 3075 573 3129 atro
596 3064 691 3129 dente
713 3086 765 3128 me
788 3064 950 3150 petiverit,

328 3196 460 3263 Inultus
485 3209 521 3262 ut
544 3195 628 3261 flebo
650 3200 753 3284 puer?

651 3602 745 3675 VII.

440 3796 491 3844 ΑΙ)
524 3797 712 3849 POPULUM
744 3797 953 3846 ROMANUM.

254 4040 257 4049 ‚
284 3953 381 4051 QuO,
406 3984 471 4058 q'uo
488 3973 618 4037 scelesti
641 3972 759 4037 ruitis?
793 3984 849 4037 aut
872 3994 930 4036 cur
953 3970 1093 4035 dexteris

327 4104 491 4192 Aptantur
514 4128 603 4169 enses
627 4104 772 4169 conditi?

283 4239 443 4302 Parumne
467 4239 587 4325 campis
610 4250 708 4325 atque
732 4238 886 4323 Neptuno
910 4259 1005 4326 super

329 4373 455 4437 Fusum
480 4383 527 4436 est
552 4372 663 4436 Latini
688 4369 876 4458 sanguinis?
