2844 5130
434 440 785 552 umaronnnun
816 485 894 548 Lm.
912 485 951 547 1:
967 497 1012 547 18.
1250 477 1316 561 247

226 683 424 749 Alterutrum
446 687 541 751 velox
564 684 698 749 victoria
720 682 832 748 fronde
855 694 992 747 coronet.

174 810 205 873 65
226 815 410 882 Consentire
433 818 498 882 suis
521 817 636 883 studiis
659 817 717 904 qui
739 815 909 882 crediderit
931 825 975 892 te,

226 947 347 1013 Fautor
369 962 507 1038 utroque
530 962 625 1016 tuum
646 948 792 1014 laudabit
814 946 928 1034 pollice
950 928 1074 1011 ludum.

227 1076 384 1143 Protenus
407 1089 444 1144 ut
466 1101 630 1180 moneam3
658 1079 700 1163 (si
723 1078 803 1166 quid
825 1077 991 1142 monitoris
1013 1099 1086 1165 eges
1110 1077 1162 1161 tu)

226 1207 310 1286 Quid
333 1209 373 1275 de
396 1233 526 1298 quoque
548 1211 629 1289 viro,
652 1219 684 1276 et
708 1210 760 1276 cui
782 1210 880 1289 dicas,
904 1232 988 1297 saepe
1010 1207 1126 1272 videto.

227 1339 482 1416 Percontatorem
503 1343 628 1431 fugito:
652 1365 726 1408 nam
749 1343 899 1432 garrulus
920 1341 1005 1427 idem
1028 1352 1093 1407 est:

182 1475 209 1534 7⁰
228 1475 291 1541 Nec
315 1476 597 1566 retinent'patulae
620 1479 775 1544 conmissa
797 1477 932 1543 fideliter
946 1484 1067 1550 ‘aurcs3

226 1605 268 1672 Et
291 1608 388 1673 semel
410 1609 559 1674 emissum
582 1612 669 1676 volat
689 1609 902 1676 inrevocabile
924 1609 1069 1674 verbum.
1170 1664 1173 1674 ,
1208 1661 1211 1669 ,

227 1739 298 1832 Non
320 1742 435 1807 ancilla
457 1754 550 1808 tuum
569 1744 662 1831 jecur
684 1744 804 1809 ulceret
828 1743 895 1807 ulla
916 1760 1048 1830 puerve,

227 1872 317 1941 Intra
337 1880 550 1942 marmoreum
572 1879 743 1944 venerandi
765 1878 861 1942 limen
884 1876 995 1941 amici:

222 2002 272 2072 Ne
295 2007 460 2087 dominus,
480 2011 572 2096 pueri
595 2010 723 2097 pulchri
746 2031 866 2074 caraeve
888 2008 1006 2095 puellae

151 2126 200 2187 75
222 2137 363 2204 Munere
386 2152 419 2205 te
441 2161 541 2228 parvo
563 2143 648 2221 beet,
672 2153 729 2207 aut
751 2140 969 2205 incommodus
992 2134 1098 2226 angat.

221 2273 359 2354 Qualem
382 2276 580 2355 comendes,
605 2276 699 2341 etiam
723 2275 820 2362 atque
843 2274 938 2339 etiam
961 2274 1065 2361 aspice
1075 2291 1088 2337 :¹
1117 2296 1156 2338 ne
1179 2288 1252 2338 m'ox

222 2406 391 2472 Incutiant
413 2407 516 2472 aliena
537 2408 598 2473 tibi
619 2419 750 2496 peccata
771 2407 937 2494 pudorem.

224 2538 393 2618 Fallimur,
418 2550 449 2604 et
473 2540 635 2626 quondam
657 2557 721 2605 non
744 2540 879 2627 dignum
903 2539 1081 2604 tradimus:v
1109 2561 1196 2626 ergo,

224 2671 327 2748 Quem
352 2693 411 2735 sua
433 2672 529 2759 eulpa
550 2680 684 2759 premet,
708 2671 859 2759 deceptus
881 2671 994 2736 omitte
1016 2671 1109 2736 tueri.

136 2787 196 2850 ⁸0
225 2802 268 2867 At
290 2803 419 2890 penitus
440 2815 553 2868 notum
576 2805 602 2868 si
625 2815 748 2869 tentent
772 2803 922 2881 crimina.
939 2825 1047 2866 serves>

228 2936 424 3024 Tuterisque
446 2949 504 3002 tuo
526 2937 661 3002 fidenter
683 2936 850 3024 praesidio:
880 2898 942 3022 'qui

228 3069 333 3134 Dente
357 3069 622 3135 Theoninocum
645 3069 901 3146 circumroditur,
925 3067 1041 3155 ecquid

227 3200 277 3265 Ad
300 3213 333 3267 te
355 3213 429 3289 post
451 3204 561 3290 paullo
583 3215 720 3268 ventura
741 3202 883 3290 pericula
907 3201 1031 3266 sentis?-

228 3334 312 3398 Nam
335 3347 393 3400 tua
414 3359 465 3400 res
488 3336 606 3424 agitur,
630 3337 734 3424 paries
756 3358 829 3400 cum
852 3335 1018 3423 proximus
1041 3333 1155 3399 ardet>
1221 3387 1222 3391 ,

152 3457 206 3525 85
227 3466 272 3530 Et
294 3466 440 3554 neglecta
463 3468 565 3532 solent
587 3468 734 3533 incendia
752 3440 879 3532 ¹sumere
903 3465 994 3530 vires.

228 3600 341 3664 Dulcis
364 3600 537 3687 inexpertis
559 3600 687 3665 cultura
708 3600 848 3688 potentis
871 3598 982 3662 amici:

228 3731 394 3819 Expertus
416 3732 540 3797 metuit.
565 3745 614 3810 tu,
639 3733 717 3797 dum
740 3743 797 3797 tua
819 3731 909 3795 navis
931 3730 965 3794 in
988 3729 1054 3794 alto
1076 3740 1134 3806 est,

229 3863 302 3928 Hoc
325 3888 396 3952 age,
419 3887 459 3928 ne
481 3876 606 3930 mutata
628 3876 801 3930 retrorsum
826 3876 858 3929 te
880 3865 963 3929 ferat
986 3885 1072 3926 aura.

228 3995 375 4060 Oderunt
397 3995 530 4060 hilarem
554 3998 670 4076 tristes,
696 3997 882 4084 tristemque
901 3995 1013 4082 jocosi,

174 4138 207 4196 90
229 4130 381 4194 Sedatum
404 4130 530 4207 celeres,
554 4132 668 4218 agilem
693 4153 899 4218 gnavumque
921 4127 1060 4192 remissi:

230 4263 362 4328 Potores
385 4263 502 4350 liquidi
526 4264 629 4329 media
652 4264 692 4328 de
714 4262 785 4327 luce
810 4262 937 4327 Falerni

261 4453 285 4482 v.
295 4436 333 4483 80.
351 4435 423 4493 Vulg.
440 4437 543 4495 Uspen.
617 4438 654 4484 tl.
671 4435 809 4484 Fmrnran.
883 4434 921 4480 91.
937 4433 991 4481 Pot.
1003 4446 1085 4480 ursum
1097 4432 1168 4481 mdc
1179 4446 1263 4478 noers.
