2828 5122
439 476 713 541 SERMONUM
744 474 821 538 Lm.
841 475 867 537 I.
893 489 920 548 9.

133 688 162 738 35
183 676 316 741 Ventum
341 687 408 739 erat
432 674 474 738 ad
498 677 615 751 Vestae,
640 683 756 762 quarta
774 674 843 761 jam
866 653 958 761 parte
980 673 1043 737 diei

183 807 366 872 Praeterita:
398 818 431 871 et
454 829 529 871 casu
553 818 631 870 tunc
655 806 848 894 respondere
870 806 1007 872 vadatus

182 939 344 1013 Debebat;
369 940 459 1026 quod
481 940 515 1003 ni
537 940 674 1017 fecisset,
696 940 831 1026 perdere
853 940 951 1004 litem.

182 1071 213 1149 Si
234 1095 284 1138 me
307 1094 405 1149 amas,
429 1071 547 1158 inquit,
571 1068 721 1158 paullum
740 1071 792 1135 hic
816 1070 899 1135 ades.
949 1072 1120 1150 Inteream,
1145 1073 1170 1136 si

184 1205 244 1269 Aut
266 1205 358 1270 valeo
380 1215 475 1283 stare,
499 1216 555 1269 aut
579 1203 655 1267 novi
677 1203 784 1268 civilia
802 1204 896 1291 jura:

135 1348 164 1398 ic
183 1337 223 1401 Et
244 1359 393 1425 propero,
418 1360 484 1425 quo
507 1336 576 1402 scis.
624 1337 756 1400 Dubius
779 1359 861 1414 sum,
886 1337 966 1424 quid
988 1336 1114 1414 faciam,
1138 1337 1264 1424 inquit;

185 1469 268 1533 Tene
290 1469 483 1557 relinquam,
507 1491 549 1532 an
572 1490 648 1532 rem.
696 1470 755 1532 Me
779 1468 879 1533 sodes.
904 1533 905 1536 ,
927 1470 1001 1534 Non
1024 1470 1151 1548 faciam,
1174 1469 1245 1540 ille:

184 1600 224 1664 Et
244 1600 424 1689 praecedere
446 1601 554 1686 coepit.
578 1623 657 1687 ego,·
674 1611 711 1664 ut
734 1600 925 1665 'contendere
948 1601 1067 1666 durum

186 1732 260 1797 Cum
284 1732 417 1810 victore,
441 1755 566 1819 sequor.
614 1733 776 1797 Maecenas
799 1732 960 1819 quomodo
984 1743 1100 1811 tecum,

185 1862 267 1928 Hinc
288 1864 418 1953 repetit,
442 1886 619 1951 paucorum
642 1863 818 1942 hominum,
842 1875 875 1928 et
898 1864 1014 1929 mentis
1036 1865 1115 1928 bene
1139 1867 1248 1928 sanae?

140 2001 166 2052 45
186 1994 280 2060 Nemo
302 1996 466 2061 dexterius
488 1997 620 2062 fortuna
642 2007 689 2060 est
714 2013 808 2060 usus:
842 1996 974 2061 haberes

187 2126 339 2215 Magnum
362 2128 553 2215 adjutorem,
577 2140 683 2215 posset
707 2128 764 2216 qui
787 2129 870 2192 ferre
893 2129 1060 2208 secundas·

187 2259 277 2324 Hunc
299 2261 460 2326 hominem
482 2261 580 2327 velles
604 2262 630 2324 si
654 2260 797 2327 tradere:
831 2262 1019 2350 dispeream,
1046 2263 1080 2326 ni

176 2391 367 2458 ,Submdsses
388 2393 499 2459 omnis.
548 2394 622 2458 Non
645 2393 709 2458 isto
730 2393 852 2459 vivitur
874 2394 952 2473 illic,

188 2525 251 2602 Quo
274 2537 312 2590 tu
335 2548 404 2590 rere
427 2526 541 2590 modo:
576 2526 691 2590 domus
712 2526 772 2591 hac
795 2549 852 2590 nec
875 2527 987 2613 purior
1011 2527 1078 2592 ulla
1100 2540 1157 2605 est,

143 2661 169 2711 5⁰
186 2656 244 2720 Nec
266 2658 369 2746 magis
391 2658 441 2722 his
464 2659 567 2724 aliena
589 2658 699 2722 malis:
734 2659 781 2722 nil
803 2659 848 2722 mi
870 2658 979 2738 officit,
1003 2659 1146 2746 inquam,

188 2792 289 2857 Ditior
310 2791 374 2868 bic,
398 2803 456 2856 aut
479 2803 527 2856 est
550 2791 628 2878 quia
650 2791 792 2856 doctior:
826 2802 873 2856 est
896 2791 987 2856 locus
1010 2793 1081 2855 uni·
1192 2806 1195 2811 ’

188 2924 307 3011 Cuique
331 2946 418 2987 suus.
468 2923 627 3010 Magnum
651 2945 771 3001 narras,
795 2923 851 2986 vix
874 2922 1034 2987 credibile.
1082 2923 1183 3008 Atqui
1240 2910 1242 2913 ⁵

188 3057 233 3120 Sic
253 3057 361 3122 habet.
409 3055 575 3133 Accendis,
600 3077 700 3141 quare
723 3055 851 3141 cupiam
874 3055 976 3141 magis
997 3055 1045 3118 illi

187 3188 353 3252 Proximus
375 3210 450 3252 esse.
498 3186 586 3250 Velis
609 3185 844 3263 tantummodo,
870 3196 1024 3271 quae¹tua
1047 3185 1161 3263 virtus,

143 3324 170 3378 55
188 3319 414 3408 Expugnabis:
448 3331 481 3383 et
504 3329 551 3383 est
576 3319 633 3404 qui
656 3318 741 3381 vinci
764 3317 885 3403 possit;
911 3339 1013 3404 eoque

188 3451 329 3516 Difficilis
352 3451 459 3516 aditus
482 3449 603 3537 primos
625 3449 731 3514 habet.
778 3448 881 3513 Haud
904 3447 982 3513 mihi
1005 3448 1118 3512 deero:

189 3583 378 3650 Muneribus
400 3606 507 3648 servos
529 3605 752 3671 corrumpam
779 3604 855 3660 non,
879 3580 974 3646 hodie
997 3581 1023 3645 si

189 3717 346 3782 Exclusus
368 3715 472 3794 fuero,
495 3715 666 3790 desistam3
692 3728 837 3802 tempora
859 3737 1022 3802 quaeram3
1139 3730 1143 3736 '

189 3849 357 3914 Occurram
379 3847 412 3911 in
437 3847 560 3920 triviis;
585 3847 750 3911 deducam.
775 3847 820 3911 nil
844 3846 909 3911 sine
931 3867 1048 3934 magno

143 3981 172 4040 60
190 3981 258 4047 Vita
279 3981 390 4049 labore
412 3980 502 4046 dedit
525 3980 723 4045 mortalibus.
772 3981 853 4044 Haec
876 3979 955 4044 dum
978 3979 1057 4067 agit,
1082 4003 1153 4044 ecce

191 4114 309 4180 Fuscus
334 4114 473 4178 Aristius
495 4113 645 4191 occurrit,
671 4112 746 4177 mihi
772 4134 875 4189 carus,
900 4124 931 4176 et
954 4111 1047 4175 illum

293 4331 369 4378 cao.
385 4329 459 4388 Vulg.
476 4331 590 4378 Vaoaro.
869 4327 907 4372 42.
923 4325 1018 4372 Durum
1029 4341 1078 4372 aar.

332 4422 369 4468 48.
386 4421 506 4468 Vrsinus.
872 4416 911 4463 50.
927 4416 1049 4466 usquin.
