2844 5130
488 415 526 496 Q'.
552 418 766 484 HORATII
799 420 975 487 FLACCI

383 617 491 696 Unde,
515 609 582 705 quo
605 618 702 683 veni?
734 618 814 684 levis
837 639 903 685 una
925 640 1020 686 mors*
1035 624 1092 688 eat

378 747 549 838 Virginum
572 749 687 838 eulpae.
712 750 892 839 vigilansne
913 751 1042 840 ploro¹¹
1090 754 1097 814 '.
1126 754 1132 779 ⁷
1155 795 1158 799 -

380 882 495 972 Turpe
510 883 748 949 -nommissumi
779 907 826 950 an
844 885 925 951 vitio
946 899 1112 953 carentem

317 1026 355 1078 40
470 1017 574 1083 Ludit
597 1017 705 1106 imago
749 1061 752 1067 ·

380 1150 481 1229 Vana,
506 1173 581 1238 quae
603 1163 704 1239 porta-
721 1148 851 1240 fugiens
872 1153 996 1245 eburna
1017 1151 1020 1155 ’
1061 1164 1064 1168 ’

377 1283 542 1348 Somnium
565 1283 683 1349 ducit?
712 1282 868 1350 meliusne
890 1285 1011 1353 fluctus

378 1415 433 1480 Ire
455 1426 514 1504 per
536 1416 650 1504 longos
672 1416 749 1496 fuit,
773 1439 813 1482 an
837 1418 973 1484 recentis
1007 1440 1022 1478 .·

469 1551 609 1637 Carpere
631 1549 749 1615 flores?
866 1569 870 1577 ’

312 1692 350 1744 45
377 1681 410 1745 Si
434 1683 508 1771 quis
529 1682 681 1748 infamem
705 1683 785 1748 mihi
807 1704 893 1749 nuno
912 1685 1095 1773 juvencum

374 1813 483 1879 Dedat
505 1814 610 1895 irate,
633 1816 772 1880 lacerare
795 1801 882 1881 ferro
904 1826 937 1881 et

374 1946 537 2036 Frangere
560 1948 663 2013 enitar
686 1948 782 2014 modo
804 1949 946 2014 multum
969 1949 1071 2014 amati

465 2079 597 2144 Cornua
620 2080 764 2145 monstri.

375 2213 544 2301 Inpudens
563 2214 646 2301 liqui
670 2215 792 2302 patrios
815 2214 958 2303 penatis:

310 2357 349 2408 50
374 2346 542 2433 Inpudens
566 2348 689 2412 Orcum
712 2368 829 2412 moror.
853 2349 874 2410 ὃ
899 2349 1045 2413 Deorum

373 2479 407 2544 Si
431 2480 504 2568 quis
526 2480 595 2546 haec
619 2481 723 2559 audis,
748 2481 872 2547 utinam
895 2482 980 2546 inter
1002 2504 1107 2548 errem

462 2614 562 2679 Nuda
583 2615 699 2679 leones.

369 2750 553 2838 Antequam
579 2750 689 2837 turpis
707 2751 823 2815 macies
846 2751 989 2816 decentis

369 2883 515 2971 Occupet
539 2884 650 2960 malas,
675 2866 858 2970 teneraque
883 2904 997 2948 succus
1062 2889 1063 2893 ’

307 3025 343 3077 55
369 3014 655 3102 Defluat‘praedae‚
681 3015 821 3102 speciosa
844 3034 973 3103 quaeror

460 3152 594 3215 Pascere
617 3149 720 3237 tigris.

366 3281 447 3347 Vilis
471 3283 615 3369 Europe,
643 3295 736 3372 pater
759 3294 878 3371 urguet
901 3283 1027 3362 absens,

365 3415 452 3495 Quid
476 3416 557 3480 mori
581 3421 706 3481 cessas?
741 3427 833 3503 potes
855 3416 915 3483 hac
938 3416 981 3481 ab
1003 3438 1085 3482 orno

366 3548 552 3614 Pendulum
576 3571 656 3614 zona
680 3549 759 3614 bene
782 3561 815 3613 te
840 3560 949 3614 secuta
971 3572 1003 3613 e-

266 3764 274 3771 ,
303 3687 340 3748 60
455 3683 555 3749 lidere
578 3683 706 3748 collum.

366 3817 440 3882 Sive
463 3826 496 3882 te
518 3838 627 3904 rupes,
652 3827 683 3881 et
707 3827 802 3880 acuta
824 3802 889 3882 leto

364 3953 449 4016 Saxa
471 3948 650 4026 delectant3
685 3973 755 4038 age,
781 3963 812 4015 te
835 3934 984 4039 procellae
1061 3992 1064 3996 ·
1121 3933 1122 3936 Ἴ

362 4083 465 4148 Crede
488 4082 609 4148 veloci:
643 4081 704 4147 nisi
728 4082 827 4148 herile
851 4084 952 4150 mavia
1018 4074 1020 4080 ⁵

453 4216 592 4302 Carpere
616 4234 751 4303 pensum

301 4402 324 4431 v.
335 4385 373 4432 39.
388 4385 463 4444 Vulg.
478 4386 569 4435 Vnus.
687 4391 725 4436 48.
740 4389 834 4438 Tnuru.
952 4389 991 4436 60.
1007 4388 1126 4437 Lnnnnr.
