2828 5122
413 471 684 535 CARMINUM
716 468 884 535 L1uIII.

235 682 272 765 25
297 670 419 736 Vestris
442 671 579 735 amicum
602 670 749 753 fontibus
770 682 802 735 et
826 668 942 747 choris,

299 805 373 868 Non
396 827 447 870 me
471 805 632 892 Philippis
654 825 747 870 versu
768 805 851 869 acies
872 814 970 880 retro,

344 936 472 1001 Devota
493 960 558 1001 non
581 937 721 1002 extinxit
743 937 851 1016 arbor,

390 1069 458 1132 Nec
483 1068 592 1133 Sicula
615 1069 791 1133 Palinurus
813 1069 910 1134 unda.

298 1201 488 1287 Utcumque
511 1222 637 1265 mecum
659 1224 717 1265 vos
740 1202 847 1276 eritis3
873 1201 976 1266 libens

236 1343 274 1427 30
298 1332 514 1398 Insaniautem
537 1333 648 1398 navita
671 1335 852 1420 Bosporum

346 1465 508 1544 Tentabo,
532 1477 564 1530 et
587 1467 707 1530 arentis
728 1488 840 1530 arenas

391 1596 512 1663 Litoris
537 1599 659 1687 Assyrii
682 1599 796 1664 viator.

302 1730 410 1795 Visam
435 1731 609 1796 Britannos
629 1730 813 1818 hospitibus
834 1731 931 1808 feros,

301 1863 348 1927 Et
370 1864 482 1928 laetum
506 1864 626 1954 equino
649 1863 803 1950 sanguine
826 1863 1031 1929 Concanum:

238 2005 274 2058 35
335 1995 454 2060 ¹Visum
477 1990 679 2083 pharetratos
703 1995 856 2073 Gelonos,

393 2128 440 2193 Et
465 2128 653 2216 Scythicum
676 2128 851 2194 inviolatus
873 2150 1008 2192 amnem.

301 2260 367 2324 Vos
392 2261 551 2326 Caesarem
574 2261 689 2339 altum,
713 2260 829 2326 militia
850 2260 946 2325 simul

303 2393 417 2458 Fessus
439 2379 585 2459 cohortes
607 2392 748 2461 reddidit
770 2392 911 2481 oppidis,

350 2524 460 2590 Finire
482 2536 679 2612 quaerentem
702 2524 837 2602 labores,

240 2667 278 2717 40
392 2656 500 2721 Pierio
523 2656 671 2721 recreatis
694 2667 796 2721 antro.

304 2788 463 2853 Voslene
485 2789 654 2853 consilium
677 2799 709 2852 et
733 2786 828 2865 datis,
852 2798 884 2851 et
907 2787 984 2851 dato

305 2920 465 2986 Gaudetis
487 2921 590 2987 almae.
616 2920 733 2986 scimus
757 2932 795 2987 ut
816 2919 922 3007 inpios

348 3052 484 3118 Titanas
506 3052 728 3141 inmanemque
751 3065 891 3118 turmam
949 3066 951 3071 '

395 3186 546 3253 Fulmiue
569 3187 736 3252 sustulerit
758 3208 909 3263 corusco,

243 3331 280 3382 45
305 3319 370 3397 Qui
388 3330 511 3391 terram
534 3319 680 3399 inertem,
705 3319 763 3406 qui
786 3341 873 3400 mare
896 3329 1052 3407 temperat

305 3454 501 3527 ventosum
526 3466 559 3519 et
583 3453 713 3519 umbras
734 3474 897 3546 regnaque
920 3451 1035 3531 tristia,

350 3586 529 3673 Divosque,
557 3586 765 3674 mortalisque
781 3586 901 3651 ‘turbas

261 3811 263 3816 Α
347 3780 349 3784 .
396 3720 537 3807 Imperio
560 3720 644 3808 regit
668 3742 752 3784 unus
774 3743 878 3817 aequos

306 3854 466 3940 Magnum
488 3852 545 3916 illa
568 3864 720 3917 terrorem
742 3852 896 3917 intulerat
919 3849 997 3921 Jovi

213 3975 215 3981 ’
243 3992 282 4044 50
306 3981 426 4079 Fidens
445 3974 602 4069 juventus
624 3982 756 4079 horrida
776 3981 926 4057 brachiis,

352 4114 548 4200 Fratresque
570 4115 737 4180 tendentes
756 4137 859 4202 opaco

398 4248 511 4313 Pelion
533 4249 710 4335 inposuisse
734 4249 884 4336 Olympo:

246 4436 269 4494 u.
280 4420 319 4468 38.
336 4420 409 4478 Vulg.
424 4419 542 4468 Asnrnrr.
631 4421 669 4467 44.
685 4419 796 4467 Csouco.
885 4420 923 4468 46.
940 4419 1072 4494 Eruusrs.

639 4519 676 4581 M
