2844 5130
488 449 525 526 Q.
551 446 763 511 HORATII
796 447 971 511 FLACCI

364 647 429 726 Qui
451 638 552 736 major
575 647 715 713 absentis
736 647 851 712 habet:

318 782 368 845 Ut
391 780 538 846 adsidens
560 780 760 869 inplumibus
782 779 881 868 pullis
904 781 972 845 avis
1013 765 1017 780 ’

255 925 294 976 20
364 914 566 1002 Serpentium
589 913 740 979 adlabsus
763 913 855 978 timet

320 1047 429 1134 Magis
451 1046 589 1121 relictis3
615 1068 679 1111 non
703 1046 752 1111 uti
776 1046 817 1110 sit
840 1045 943 1110 auxili

312 1156 315 1161 .
363 1179 490 1244 Latura
511 1179 586 1268 plus
608 1178 830 1267 praesentibus.

318 1313 474 1378 Libenter
496 1311 557 1377 hoc
580 1323 612 1376 et
635 1333 728 1376 omne
750 1296 943 1376 militabitur

365 1445 494 1510 Bellum
517 1444 550 1508 in
573 1456 639 1509 tuoe
662 1466 751 1533 spem
773 1443 905 1532 gratiae:

257 1590 295 1642 25
320 1579 394 1642 Non
418 1590 456 1642 ut
473 1577 621 1666 juvencis
642 1577 778 1666 inligata
800 1578 949 1666 pluribus

364 1712 481 1781 Aratra
502 1711 647 1776 nitantur
669 1733 758 1786 mea3

321 1846 463 1910 Pecusve
488 1844 634 1909 Calabris
656 1855 731 1909 ante
754 1843 843 1909 sidus
865 1841 1027 1907 fervidum

367 1978 501 2042 Lucana
522 1988 627 2042 mutet
649 1977 794 2064 pascuis:

319 2111 434 2198 Neque
457 2121 495 2175 ut
518 2110 626 2199 supini
648 2109 727 2175 villa
748 2109 885 2176 candens
910 2109 1048 2175 Tusculi

258 2256 296 2307 30
364 2243 488 2309 Circaea
510 2254 623 2331 tangat
645 2243 772 2309 moenia.

321 2376 405 2441 Satis
429 2399 589 2464 superque
611 2399 662 2441 me
683 2376 865 2466 benignitas
888 2388 946 2441 tua

296 2599 299 2605 Ι
365 2508 509 2574 Ditavit:
535 2498 624 2575 haud
646 2531 812 2597 paravero,

321 2641 417 2721 Quod
439 2655 497 2709 aut
520 2666 636 2709 avarus
658 2656 697 2708 ut
721 2643 874 2709 Chremes
897 2655 983 2708 terra
1005 2662 1168 2731 premam;

366 2775 552 2842 Discinctus
574 2788 632 2843 aut
655 2776 787 2865 perdam
811 2789 849 2842 ut
870 2784 980 2864 nepos.

707 3203 760 3277 ΙΙ.

479 3396 584 3446 VITAE
615 3396 800 3446 RUSTICAE
830 3397 994 3446 LAUDES.

323 3555 476 3638 Barrus
500 3572 566 3652 ille,
590 3574 648 3661 qui
671 3575 784 3662 procul
807 3576 956 3664 negotiis,

367 3707 418 3771 Ut
439 3706 545 3794 prisca
566 3728 645 3794 gens
667 3706 862 3787 mortalium,

323 3839 461 3904 Paterna
483 3862 560 3904 rura
582 3839 688 3905 bobus
710 3853 835 3907 exercet
858 3812 936 3920 suia

369 3973 502 4038 Solutus
524 3973 610 4038 omni
632 3974 781 4071 fenoreffi

282 4115 299 4167 5
324 4104 439 4191 Neque
461 4105 620 4171 excitatur
642 4107 773 4173 classico
794 4107 885 4174 miles
908 4107 1003 4186 truci,

318 4336 342 4367 v.
351 4319 391 4366 21.
406 4318 480 4378 Vulg.
495 4319 553 4368 Nou
569 4337 601 4368 ur
618 4335 696 4370 ausrr.
813 4322 852 4368 26.
867 4320 942 4369 Mars.
1059 4321 1098 4368 28.
1112 4319 1212 4368 Pascua

353 4407 392 4456 29.
408 4407 463 4456 Nsc
476 4415 504 4458 ut
517 4426 633 4460 surram.
832 4413 856 4460 5.
872 4411 935 4467 Nnc.
