<?xml version="1.0" encoding="UTF-8"?>
<!DOCTYPE html PUBLIC "-//W3C//DTD XHTML 1.0 Transitional//EN"
    "http://www.w3.org/TR/xhtml1/DTD/xhtml1-transitional.dtd">
<html xmlns="http://www.w3.org/1999/xhtml" xml:lang="en" lang="en">
 <head>
  <title>
</title>
<meta http-equiv="Content-Type" content="text/html;charset=utf-8" />
  <meta name='ocr-system' content='tesseract 3.04.00' />
  <meta name='ocr-capabilities' content='ocr_page ocr_carea ocr_par ocr_line ocrx_word'/>
</head>
<body>
  <div class='ocr_page' id='page_1' title='image "./horatiusrestitu00flacgoog_0269.png"; bbox 0 0 2844 5130; ppageno 0'>
   <div class='ocr_carea' id='block_1_1' title="bbox 135 400 965 485">
    <p class='ocr_par' dir='ltr' id='par_1_1' title="bbox 135 400 965 485">
     <span class='ocr_line' id='line_1_1' title="bbox 135 400 965 485; baseline 0.008 -17"><span class='ocrx_word' id='word_1_1' title='bbox 135 406 201 470; x_wconf 74' lang='lat'><strong>154</strong></span> <span class='ocrx_word' id='word_1_2' title='bbox 461 455 464 465; x_wconf 66' lang='lat'>,</span> <span class='ocrx_word' id='word_1_3' title='bbox 482 410 521 485; x_wconf 82' lang='lat' dir='ltr'><strong>Q.</strong></span> <span class='ocrx_word' id='word_1_4' title='bbox 546 400 772 473; x_wconf 78' lang='grc' dir='ltr'><strong>ΗΟΒΑΤΙΙΙ</strong></span> <span class='ocrx_word' id='word_1_5' title='bbox 790 411 965 475; x_wconf 88' lang='lat' dir='ltr'>FLACCI</span> 
     </span>
    </p>
   </div>
   <div class='ocr_carea' id='block_1_2' title="bbox 233 605 1114 2022">
    <p class='ocr_par' dir='ltr' id='par_1_2' title="bbox 233 605 1114 2022">
     <span class='ocr_line' id='line_1_2' title="bbox 379 605 1043 695; baseline 0.005 -27"><span class='ocrx_word' id='word_1_6' title='bbox 379 605 469 692; x_wconf 86' lang='lat' dir='ltr'><strong>Ergo</strong></span> <span class='ocrx_word' id='word_1_7' title='bbox 492 606 666 694; x_wconf 83' lang='lat' dir='ltr'>obligatam</span> <span class='ocrx_word' id='word_1_8' title='bbox 689 607 786 671; x_wconf 85' lang='lat' dir='ltr'><strong>redde</strong></span> <span class='ocrx_word' id='word_1_9' title='bbox 809 608 886 671; x_wconf 83' lang='lat' dir='ltr'><strong>Iovi</strong></span> <span class='ocrx_word' id='word_1_10' title='bbox 909 608 1043 695; x_wconf 79' lang='lat' dir='ltr'><strong>dapem:</strong></span> 
     </span>
     <span class='ocr_line' id='line_1_3' title="bbox 286 736 959 829; baseline 0.006 -29"><span class='ocrx_word' id='word_1_11' title='bbox 286 823 290 829; x_wconf 90' lang='lat'><em>.</em></span> <span class='ocrx_word' id='word_1_12' title='bbox 379 738 558 826; x_wconf 82' lang='lat' dir='ltr'><strong>Longaque</strong></span> <span class='ocrx_word' id='word_1_13' title='bbox 580 739 699 804; x_wconf 86' lang='lat' dir='ltr'><strong>fessum</strong></span> <span class='ocrx_word' id='word_1_14' title='bbox 723 738 837 804; x_wconf 88' lang='lat' dir='ltr'><strong>militia</strong></span> <span class='ocrx_word' id='word_1_15' title='bbox 859 736 959 804; x_wconf 83' lang='lat' dir='ltr'><strong>letus</strong></span> 
     </span>
     <span class='ocr_line' id='line_1_4' title="bbox 422 870 952 958; baseline 0.006 -25"><span class='ocrx_word' id='word_1_16' title='bbox 422 870 556 958; x_wconf 87' lang='lat' dir='ltr'><strong>Depone</strong></span> <span class='ocrx_word' id='word_1_17' title='bbox 580 873 640 936; x_wconf 89' lang='lat' dir='ltr'><strong>sub</strong></span> <span class='ocrx_word' id='word_1_18' title='bbox 660 872 756 937; x_wconf 87' lang='lat' dir='ltr'><strong>lauru</strong></span> <span class='ocrx_word' id='word_1_19' title='bbox 780 895 868 948; x_wconf 79' lang='lat' dir='ltr'><strong>mea3</strong></span> <span class='ocrx_word' id='word_1_20' title='bbox 894 895 952 936; x_wconf 89' lang='lat' dir='ltr'><strong>nec</strong></span> 
     </span>
     <span class='ocr_line' id='line_1_5' title="bbox 318 995 1040 1070; baseline 0.007 -6"><span class='ocrx_word' id='word_1_21' title='bbox 318 1014 357 1064; x_wconf 74' lang='lat'><strong>20</strong></span> <span class='ocrx_word' id='word_1_22' title='bbox 467 1005 568 1069; x_wconf 83' lang='lat' dir='ltr'><strong>Parce</strong></span> <span class='ocrx_word' id='word_1_23' title='bbox 585 995 677 1069; x_wconf 67' lang='lat' dir='ltr'><strong>⁴cadis</strong></span> <span class='ocrx_word' id='word_1_24' title='bbox 699 1005 759 1070; x_wconf 92' lang='lat' dir='ltr'><strong>tibi</strong></span> <span class='ocrx_word' id='word_1_25' title='bbox 783 1004 956 1070; x_wconf 89' lang='lat' dir='ltr'><strong>destinatis.</strong></span> <span class='ocrx_word' id='word_1_26' title='bbox 1037 1003 1040 1006; x_wconf 69' lang='grc'><strong>’</strong></span> 
     </span>
     <span class='ocr_line' id='line_1_6' title="bbox 377 1135 811 1202; baseline 0.007 -3"><span class='ocrx_word' id='word_1_27' title='bbox 377 1135 542 1200; x_wconf 85' lang='lat' dir='ltr'><strong>Oblivioso</strong></span> <span class='ocrx_word' id='word_1_28' title='bbox 565 1138 648 1201; x_wconf 87' lang='lat' dir='ltr'><strong>levia</strong></span> <span class='ocrx_word' id='word_1_29' title='bbox 671 1137 811 1202; x_wconf 88' lang='lat' dir='ltr'><strong>Massico</strong></span> 
     </span>
     <span class='ocr_line' id='line_1_7' title="bbox 379 1269 963 1359; baseline 0.005 -27"><span class='ocrx_word' id='word_1_30' title='bbox 379 1269 510 1335; x_wconf 88' lang='lat' dir='ltr'><strong>Ciboria</strong></span> <span class='ocrx_word' id='word_1_31' title='bbox 532 1271 643 1359; x_wconf 84' lang='lat' dir='ltr'><strong>exple:</strong></span> <span class='ocrx_word' id='word_1_32' title='bbox 668 1270 769 1335; x_wconf 87' lang='lat' dir='ltr'><strong>funde</strong></span> <span class='ocrx_word' id='word_1_33' title='bbox 792 1271 963 1359; x_wconf 84' lang='lat' dir='ltr'><strong>capacibus</strong></span> 
     </span>
     <span class='ocr_line' id='line_1_8' title="bbox 423 1402 1012 1490; baseline 0 -24"><span class='ocrx_word' id='word_1_34' title='bbox 423 1404 602 1490; x_wconf 84' lang='lat' dir='ltr'><strong>Unguenta</strong></span> <span class='ocrx_word' id='word_1_35' title='bbox 624 1403 663 1468; x_wconf 92' lang='lat' dir='ltr'><strong>de</strong></span> <span class='ocrx_word' id='word_1_36' title='bbox 687 1403 824 1468; x_wconf 85' lang='lat' dir='ltr'><strong>conchis.</strong></span> <span class='ocrx_word' id='word_1_37' title='bbox 850 1404 923 1490; x_wconf 90' lang='lat' dir='ltr'><strong>quis</strong></span> <span class='ocrx_word' id='word_1_38' title='bbox 947 1402 1012 1466; x_wconf 94' lang='lat' dir='ltr'><strong>udo</strong></span> 
     </span>
     <span class='ocr_line' id='line_1_9' title="bbox 468 1535 940 1624; baseline 0.002 -26"><span class='ocrx_word' id='word_1_39' title='bbox 468 1535 691 1624; x_wconf 87' lang='lat' dir='ltr'><strong>Deproperare</strong></span> <span class='ocrx_word' id='word_1_40' title='bbox 713 1536 787 1622; x_wconf 88' lang='lat' dir='ltr'><strong>apio</strong></span> <span class='ocrx_word' id='word_1_41' title='bbox 809 1558 940 1600; x_wconf 87' lang='lat' dir='ltr'><strong>coronas</strong></span> 
     </span>
     <span class='ocr_line' id='line_1_10' title="bbox 233 1668 1114 1757; baseline 0 -27"><span class='ocrx_word' id='word_1_42' title='bbox 233 1677 235 1680; x_wconf 69' lang='lat'>‘</span> <span class='ocrx_word' id='word_1_43' title='bbox 314 1679 352 1731; x_wconf 71' lang='lat'><strong>25</strong></span> <span class='ocrx_word' id='word_1_44' title='bbox 378 1668 520 1732; x_wconf 84' lang='lat' dir='ltr'><strong>Curetve</strong></span> <span class='ocrx_word' id='word_1_45' title='bbox 542 1672 672 1757; x_wconf 87' lang='lat' dir='ltr'><strong>myrto?</strong></span> <span class='ocrx_word' id='word_1_46' title='bbox 704 1690 799 1754; x_wconf 91' lang='lat' dir='ltr'><strong>quem</strong></span> <span class='ocrx_word' id='word_1_47' title='bbox 824 1668 933 1732; x_wconf 88' lang='lat' dir='ltr'><strong>Venus</strong></span> <span class='ocrx_word' id='word_1_48' title='bbox 956 1669 1114 1732; x_wconf 86' lang='lat' dir='ltr'><strong>arbitrum</strong></span> 
     </span>
     <span class='ocr_line' id='line_1_11' title="bbox 377 1801 957 1889; baseline -0.002 -24"><span class='ocrx_word' id='word_1_49' title='bbox 377 1801 472 1866; x_wconf 84' lang='lat' dir='ltr'><strong>Dicet</strong></span> <span class='ocrx_word' id='word_1_50' title='bbox 495 1801 649 1867; x_wconf 89' lang='lat' dir='ltr'><strong>bibendi?</strong></span> <span class='ocrx_word' id='word_1_51' title='bbox 680 1823 827 1889; x_wconf 85' lang='lat' dir='ltr'><strong>nonego</strong></span> <span class='ocrx_word' id='word_1_52' title='bbox 851 1801 957 1866; x_wconf 90' lang='lat' dir='ltr'><strong>sanius</strong></span> 
     </span>
     <span class='ocr_line' id='line_1_12' title="bbox 423 1933 925 2022; baseline -0.002 -24"><span class='ocrx_word' id='word_1_53' title='bbox 423 1933 609 1999; x_wconf 84' lang='lat' dir='ltr'><strong>Bacchabor</strong></span> <span class='ocrx_word' id='word_1_54' title='bbox 632 1935 772 2000; x_wconf 80' lang='lat' dir='ltr'><strong>Edonis:</strong></span> <span class='ocrx_word' id='word_1_55' title='bbox 798 1945 925 2022; x_wconf 91' lang='lat' dir='ltr'><strong>recepto</strong></span> 
     </span>
    </p>
   </div>
   <div class='ocr_carea' id='block_1_3' title="bbox 469 2042 1007 2134">
    <p class='ocr_par' dir='ltr' id='par_1_3' title="bbox 469 2042 1007 2134">
     <span class='ocr_line' id='line_1_13' title="bbox 469 2042 1007 2134; baseline -0.004 -3"><span class='ocrx_word' id='word_1_56' title='bbox 469 2068 574 2134; x_wconf 88' lang='lat' dir='ltr'><strong>Dulce</strong></span> <span class='ocrx_word' id='word_1_57' title='bbox 597 2042 674 2134; x_wconf 89' lang='lat' dir='ltr'><strong>mihi</strong></span> <span class='ocrx_word' id='word_1_58' title='bbox 697 2069 804 2134; x_wconf 87' lang='lat' dir='ltr'><strong>furere</strong></span> <span class='ocrx_word' id='word_1_59' title='bbox 827 2080 874 2134; x_wconf 89' lang='lat' dir='ltr'><strong>est</strong></span> <span class='ocrx_word' id='word_1_60' title='bbox 897 2069 1007 2133; x_wconf 87' lang='lat' dir='ltr'><strong>amico.</strong></span> 
     </span>
    </p>
   </div>
   <div class='ocr_carea' id='block_1_4' title="bbox 670 2476 892 2550">
    <p class='ocr_par' dir='ltr' id='par_1_4' title="bbox 670 2476 892 2550">
     <span class='ocr_line' id='line_1_14' title="bbox 670 2476 892 2550; baseline -0.009 0"><span class='ocrx_word' id='word_1_61' title='bbox 670 2476 785 2550; x_wconf 94' lang='lat' dir='ltr'>VIII.</span> <span class='ocrx_word' id='word_1_62' title='bbox 891 2495 892 2500; x_wconf 74' lang='grc'>’</span> 
     </span>
    </p>
   </div>
   <div class='ocr_carea' id='block_1_5' title="bbox 594 2697 869 2746">
    <p class='ocr_par' dir='ltr' id='par_1_5' title="bbox 594 2697 869 2746">
     <span class='ocr_line' id='line_1_15' title="bbox 594 2697 869 2746; baseline -0.004 0"><span class='ocrx_word' id='word_1_63' title='bbox 594 2699 646 2746; x_wconf 82' lang='grc' dir='ltr'><strong>ΑΙ)</strong></span> <span class='ocrx_word' id='word_1_64' title='bbox 677 2697 869 2746; x_wconf 82' lang='lat' dir='ltr'>BARINEN.</span> 
     </span>
    </p>
   </div>
   <div class='ocr_carea' id='block_1_6' title="bbox 386 2859 894 2966">
    <p class='ocr_par' dir='ltr' id='par_1_6' title="bbox 386 2859 894 2966">
     <span class='ocr_line' id='line_1_16' title="bbox 386 2859 894 2966; baseline -0.004 -25"><span class='ocrx_word' id='word_1_65' title='bbox 386 2859 500 2941; x_wconf 68' lang='lat' dir='ltr'><strong>Uene</strong></span> <span class='ocrx_word' id='word_1_66' title='bbox 525 2875 550 2940; x_wconf 88' lang='lat' dir='ltr'><strong>si</strong></span> <span class='ocrx_word' id='word_1_67' title='bbox 569 2874 654 2966; x_wconf 87' lang='lat' dir='ltr'><strong>juris</strong></span> <span class='ocrx_word' id='word_1_68' title='bbox 677 2876 738 2941; x_wconf 91' lang='lat' dir='ltr'><strong>tibi</strong></span> <span class='ocrx_word' id='word_1_69' title='bbox 760 2876 894 2964; x_wconf 88' lang='lat' dir='ltr'><strong>pejerati</strong></span> 
     </span>
    </p>
   </div>
   <div class='ocr_carea' id='block_1_7' title="bbox 384 3007 1094 3093">
    <p class='ocr_par' dir='ltr' id='par_1_7' title="bbox 384 3007 1094 3093">
     <span class='ocr_line' id='line_1_17' title="bbox 384 3007 1094 3093; baseline 0.001 -21"><span class='ocrx_word' id='word_1_70' title='bbox 384 3010 495 3086; x_wconf 75' lang='lat' dir='ltr'><strong>Poena,</strong></span> <span class='ocrx_word' id='word_1_71' title='bbox 520 3008 648 3086; x_wconf 76' lang='lat' dir='ltr'><strong>Durine,</strong></span> <span class='ocrx_word' id='word_1_72' title='bbox 672 3007 832 3072; x_wconf 86' lang='lat' dir='ltr'><strong>nocuisset</strong></span> <span class='ocrx_word' id='word_1_73' title='bbox 855 3029 1017 3093; x_wconf 82' lang='lat' dir='ltr'><strong>unquam3</strong></span> <span class='ocrx_word' id='word_1_74' title='bbox 1093 3068 1094 3073; x_wconf 73' lang='grc'>,</span> 
     </span>
    </p>
   </div>
   <div class='ocr_carea' id='block_1_8' title="bbox 323 3140 1067 4287">
    <p class='ocr_par' dir='ltr' id='par_1_8' title="bbox 323 3140 1067 4287">
     <span class='ocr_line' id='line_1_18' title="bbox 382 3140 943 3229; baseline -0.004 -25"><span class='ocrx_word' id='word_1_75' title='bbox 382 3141 488 3206; x_wconf 90' lang='lat' dir='ltr'><strong>Dente</strong></span> <span class='ocrx_word' id='word_1_76' title='bbox 512 3141 538 3205; x_wconf 89' lang='lat' dir='ltr'><strong>si</strong></span> <span class='ocrx_word' id='word_1_77' title='bbox 561 3141 654 3229; x_wconf 83' lang='lat' dir='ltr'><strong>nigro</strong></span> <span class='ocrx_word' id='word_1_78' title='bbox 677 3141 777 3218; x_wconf 84' lang='lat' dir='ltr'><strong>fieres,</strong></span> <span class='ocrx_word' id='word_1_79' title='bbox 802 3140 853 3205; x_wconf 91' lang='lat' dir='ltr'><strong>vel</strong></span> <span class='ocrx_word' id='word_1_80' title='bbox 876 3162 943 3203; x_wconf 89' lang='lat' dir='ltr'><strong>uno</strong></span> 
     </span>
     <span class='ocr_line' id='line_1_19' title="bbox 473 3271 764 3360; baseline 0.007 -26"><span class='ocrx_word' id='word_1_81' title='bbox 473 3271 618 3359; x_wconf 77' lang='lat' dir='ltr'><strong>Turpius</strong></span> <span class='ocrx_word' id='word_1_82' title='bbox 642 3273 764 3360; x_wconf 86' lang='lat' dir='ltr'><strong>ungui3</strong></span> 
     </span>
     <span class='ocr_line' id='line_1_20' title="bbox 342 3403 1019 3492; baseline 0.001 -25"><span class='ocrx_word' id='word_1_83' title='bbox 342 3415 359 3467; x_wconf 88' lang='lat'><em>5</em></span> <span class='ocrx_word' id='word_1_84' title='bbox 384 3404 571 3469; x_wconf 88' lang='lat' dir='ltr'><strong>Crederem:</strong></span> <span class='ocrx_word' id='word_1_85' title='bbox 598 3405 654 3470; x_wconf 90' lang='lat' dir='ltr'><strong>sed</strong></span> <span class='ocrx_word' id='word_1_86' title='bbox 677 3417 727 3482; x_wconf 90' lang='lat' dir='ltr'><strong>tu,</strong></span> <span class='ocrx_word' id='word_1_87' title='bbox 751 3404 847 3470; x_wconf 87' lang='lat' dir='ltr'><strong>simul</strong></span> <span class='ocrx_word' id='word_1_88' title='bbox 869 3403 1019 3492; x_wconf 83' lang='lat' dir='ltr'><strong>obligasti</strong></span> 
     </span>
     <span class='ocr_line' id='line_1_21' title="bbox 383 3535 953 3625; baseline -0.004 -25"><span class='ocrx_word' id='word_1_89' title='bbox 383 3536 546 3602; x_wconf 88' lang='lat' dir='ltr'><strong>Perfidum</strong></span> <span class='ocrx_word' id='word_1_90' title='bbox 567 3537 654 3602; x_wconf 78' lang='lat' dir='ltr'><strong>&#39;votis</strong></span> <span class='ocrx_word' id='word_1_91' title='bbox 676 3547 785 3625; x_wconf 85' lang='lat' dir='ltr'><strong>caput,</strong></span> <span class='ocrx_word' id='word_1_92' title='bbox 810 3535 953 3600; x_wconf 90' lang='lat' dir='ltr'><strong>enitescis</strong></span> 
     </span>
     <span class='ocr_line' id='line_1_22' title="bbox 380 3666 1067 3757; baseline -0.003 -25"><span class='ocrx_word' id='word_1_93' title='bbox 380 3669 554 3734; x_wconf 87' lang='lat' dir='ltr'><strong>Pulchrior</strong></span> <span class='ocrx_word' id='word_1_94' title='bbox 575 3669 692 3747; x_wconf 89' lang='lat' dir='ltr'><strong>multo,</strong></span> <span class='ocrx_word' id='word_1_95' title='bbox 712 3669 934 3757; x_wconf 78' lang='lat' dir='ltr'><strong>juvenumque</strong></span> <span class='ocrx_word' id='word_1_96' title='bbox 957 3666 1067 3754; x_wconf 85' lang='lat' dir='ltr'><strong>prodis</strong></span> 
     </span>
     <span class='ocr_line' id='line_1_23' title="bbox 473 3791 718 3866; baseline -0.004 0"><span class='ocrx_word' id='word_1_97' title='bbox 473 3801 611 3866; x_wconf 90' lang='lat' dir='ltr'><strong>Publica</strong></span> <span class='ocrx_word' id='word_1_98' title='bbox 633 3791 718 3866; x_wconf 60' lang='lat' dir='ltr'><strong>curass</strong></span> 
     </span>
     <span class='ocr_line' id='line_1_24' title="bbox 383 3933 952 4022; baseline -0.002 -24"><span class='ocrx_word' id='word_1_99' title='bbox 383 3935 528 4022; x_wconf 87' lang='lat' dir='ltr'><strong>Expedit</strong></span> <span class='ocrx_word' id='word_1_100' title='bbox 551 3933 661 3998; x_wconf 87' lang='lat' dir='ltr'><strong>matris</strong></span> <span class='ocrx_word' id='word_1_101' title='bbox 685 3935 802 3999; x_wconf 91' lang='lat' dir='ltr'><strong>cineres</strong></span> <span class='ocrx_word' id='word_1_102' title='bbox 825 3947 952 4022; x_wconf 87' lang='lat' dir='ltr'><strong>opertos</strong></span> 
     </span>
     <span class='ocr_line' id='line_1_25' title="bbox 323 4065 975 4145; baseline 0.003 -17"><span class='ocrx_word' id='word_1_103' title='bbox 323 4079 359 4129; x_wconf 92' lang='lat'><strong>10</strong></span> <span class='ocrx_word' id='word_1_104' title='bbox 383 4067 519 4145; x_wconf 86' lang='lat' dir='ltr'><strong>Fallere,</strong></span> <span class='ocrx_word' id='word_1_105' title='bbox 544 4078 575 4131; x_wconf 93' lang='lat' dir='ltr'><strong>et</strong></span> <span class='ocrx_word' id='word_1_106' title='bbox 600 4078 668 4131; x_wconf 93' lang='lat' dir='ltr'><strong>toto</strong></span> <span class='ocrx_word' id='word_1_107' title='bbox 692 4065 851 4132; x_wconf 87' lang='lat' dir='ltr'><strong>taciturna</strong></span> <span class='ocrx_word' id='word_1_108' title='bbox 873 4067 975 4130; x_wconf 87' lang='lat' dir='ltr'><strong>noctis</strong></span> 
     </span>
     <span class='ocr_line' id='line_1_26' title="bbox 384 4199 1009 4287; baseline -0.003 -24"><span class='ocrx_word' id='word_1_109' title='bbox 384 4199 579 4286; x_wconf 76' lang='lat' dir='ltr'><strong>Signatum</strong></span> <span class='ocrx_word' id='word_1_110' title='bbox 603 4199 690 4277; x_wconf 88' lang='lat' dir='ltr'><strong>caelo,</strong></span> <span class='ocrx_word' id='word_1_111' title='bbox 714 4199 884 4287; x_wconf 85' lang='lat' dir='ltr'><strong>gelidaque</strong></span> <span class='ocrx_word' id='word_1_112' title='bbox 908 4199 1009 4263; x_wconf 89' lang='lat' dir='ltr'><strong>Divos</strong></span> 
     </span>
    </p>
   </div>
   <div class='ocr_carea' id='block_1_9' title="bbox 475 4332 749 4409">
    <p class='ocr_par' dir='ltr' id='par_1_9' title="bbox 475 4332 749 4409">
     <span class='ocr_line' id='line_1_27' title="bbox 475 4332 749 4409; baseline -0.004 -14"><span class='ocrx_word' id='word_1_113' title='bbox 475 4333 583 4409; x_wconf 83' lang='lat' dir='ltr'><strong>Morte</strong></span> <span class='ocrx_word' id='word_1_114' title='bbox 606 4332 749 4397; x_wconf 88' lang='lat' dir='ltr'><strong>carentis.</strong></span> 
     </span>
    </p>
   </div>
   <div class='ocr_carea' id='block_1_10' title="bbox 0 0 1426 5130">
    <p class='ocr_par' dir='ltr' id='par_1_10' title="bbox 0 0 1426 5130">
     <span class='ocr_line' id='line_1_28' title="bbox 0 0 1426 5130; baseline 0 0"><span class='ocrx_word' id='word_1_115' title='bbox 0 0 1426 5130; x_wconf 95' lang='lat' dir='ltr'><strong> </strong></span> 
     </span>
    </p>
   </div>
  </div>
 </body>
</html>
