2844 5130
510 420 602 483 ARS
634 418 858 484 POETICA.

70 586 164 670 325
184 609 320 677 Romani
341 614 434 701 pueri
456 615 561 704 longis
584 617 764 683 rationibus
787 637 888 697 assem

184 744 322 811 Discunt
343 749 376 812 iu
399 749 501 835 partis
523 762 652 816 centum
676 750 837 815 diducere.
885 747 995 825 Dicas,

184 876 287 942 Filius
310 879 431 962 Albini,
456 883 483 947 si
506 883 546 948 de
570 884 750 970 quincunce
772 893 895 948 remota
917 893 965 946 est

183 1010 298 1091 chia,
322 1015 402 1101 quid
422 1028 714 1107 'superet-poterat
738 1017 868 1096 dixisse,
894 1016 1042 1088 Triens?¹
1070 1016 1145 1079 Eu!

182 1140 266 1208 Rem
287 1148 406 1234 puteris
429 1172 554 1215 servare
578 1163 677 1216 tuam.
701 1150 786 1215 redit
810 1150 923 1214 uncia:
958 1146 1039 1234 quid
1062 1146 1123 1210 lit?

108 1275 291 1343 sasemis.
316 1302 368 1360 an,
391 1280 460 1347 haec
483 1284 605 1349 animos
628 1307 739 1372 aerugo
762 1295 795 1348 et
819 1306 897 1347 cura
919 1280 1027 1369 peculi

182 1408 266 1472 Cum
289 1413 385 1477 semel
406 1414 559 1495 inbuerit,
584 1440 749 1504 speramus
772 1417 914 1481 carmina
936 1414 1015 1501 fingi

180 1539 279 1605 Posse
300 1542 431 1609 linenda
453 1548 560 1626 cedro,
584 1560 616 1613 et
638 1547 701 1612 levi
726 1547 882 1612 servanda
904 1549 1078 1634 cupresso?

138 1694 142 1699 ·
178 1671 245 1737 Aut
267 1674 418 1761 prodesse
440 1679 567 1757 volunt,
591 1691 648 1744 aut
671 1678 829 1743 delectare
851 1685 975 1765 poetam

177 1803 246 1869 Aut
271 1805 367 1871 simul
390 1821 422 1874 et
441 1811 584 1898 jocunda
606 1823 639 1875 et
661 1811 776 1875 idonea
798 1810 904 1875 dicere
927 1809 1012 1873 vitae.

119 1936 159 1993 335
175 1937 343 2025 Quicquid
365 1943 543 2029 praecipies,
567 1954 634 2007 esto
656 1942 782 2007 brevis:
818 1953 855 2005 ut
879 1942 943 2005 cito
967 1941 1054 2005 dicta

177 2068 364 2159 Percipient
387 2075 483 2138 animi
506 2075 636 2153 dociles,
660 2085 854 2160 teneantque
877 2071 997 2138 fideles.

180 2196 300 2283 [Omne
322 2227 558 2292 supervacuum
580 2206 677 2293 pleno
700 2206 741 2270 de
763 2216 892 2292 pectore
915 2206 1051 2292 manat]

181 2328 277 2397 Ficta
295 2336 472 2423 voluptatis
495 2360 608 2402 caussa
631 2339 696 2402 sint
718 2332 867 2425 proxima
890 2339 992 2402 veris:

179 2460 243 2540 Ne,
267 2468 492 2555 quodcumque
513 2467 611 2544 volet,
636 2479 747 2553 poscat
771 2468 832 2531 sibi
855 2469 969 2532 fabula
991 2470 1097 2544 credi;

106 2594 155 2651 340
174 2592 249 2659 Neu
272 2619 399 2685 pransae
423 2600 546 2663 Lamiae
569 2598 680 2661 vivum
703 2619 841 2684 puerum
865 2600 1013 2663 extrahat
1037 2602 1119 2665 alvo.

175 2726 342 2794 Centuriae
366 2731 525 2794 seniorum
547 2729 672 2815 agitant
695 2728 841 2815 expertia
862 2729 986 2814 frugis:

173 2857 263 2923 Celsi
286 2871 483 2947 praetereunt
505 2871 634 2923 austera
655 2867 805 2946 poemata
828 2859 979 2923 Ramnes.
1081 2920 1085 2925 .

171 2990 278 3055 Omne
302 2993 380 3057 tulit
402 3003 572 3080 punctum,
597 2990 654 3077 qui
676 2991 806 3055 miscuit
829 2990 910 3054 utile
933 2990 1034 3068 dulci,

170 3122 343 3189 Lectorem
368 3121 567 3199 delectando,
590 3122 777 3209 pariterque
800 3121 968 3185 monendo.
1022 3178 1026 3187 .

104 3256 146 3315 345
168 3257 237 3322 Hic
260 3270 363 3324 meret
386 3282 451 3322 aera
472 3258 554 3321 liber
579 3257 688 3333 Sosiis,
712 3256 765 3319 hic
788 3269 820 3320 et
844 3279 930 3320 mare
954 3258 1080 3335 transit,

168 3392 217 3455 Et
240 3390 380 3477 longum
403 3400 480 3453 uoto
504 3387 650 3474 scriptori
673 3400 828 3473 prorogat
852 3410 968 3451 aevum.

169 3522 256 3586 Sunt
281 3521 400 3585 delicta
423 3531 540 3595 tamen,
564 3516 683 3602 quibus
706 3517 867 3602 ignovisse
890 3519 1045 3584 velimus:

167 3653 258 3717 Nam
272 3674 381 3737 neque
396 3649 516 3714 chorda
530 3668 642 3710 sonum
657 3645 777 3723 reddit,
800 3670 896 3733 quem
911 3648 981 3712 volt
995 3671 1110 3714 manus
1125 3664 1157 3716 et
1172 3676 1280 3730 meus;

166 3783 389 3868 Poscentique
410 3801 542 3867 gravem
564 3799 708 3864 persaepe
730 3778 866 3843 remittit
890 3791 1042 3845 acutum:

96 3914 144 3977 ³50
163 3916 238 3980 Nec
263 3933 390 3998 semper
413 3909 517 3995 feriet,
542 3906 772 3994 quodcumque
795 3909 983 3987 minabitur,
1008 3933 1111 3976 arcus.
1139 3943 1142 3949 ·

164 4049 292 4114 Verum
316 4042 375 4107 ubi
399 4042 495 4129 plura
517 4039 621 4103 nitent
644 4038 678 4102 iu
702 4039 853 4116 carmine,
877 4062 941 4103 non
964 4062 1025 4126 ego
1048 4045 1162 4129 paucis

255 4277 280 4307 v.
291 4258 345 4305 326.
362 4256 437 4313 vulg.
454 4254 543 4302 Dicar.
689 4250 742 4294 328.
758 4249 890 4294 Surunnrt
910 4250 1035 4305 Parenta,

292 4350 346 4395 ³30.
363 4347 403 4394 Ao
413 4360 472 4392 rinc.
687 4337 740 4384 339.
757 4336 810 4383 Nec
821 4339 908 4395 quode.
