2844 5130
471 486 666 551 EPODON
698 483 857 552 LIBER.

136 697 180 749 25
205 684 299 750 Unde
323 684 475 772 expedire
497 707 561 748 non
585 684 760 749 amicorum
783 695 905 771 queant

249 817 367 883 Libera
390 817 532 896 consilia,
555 839 614 880 neo
637 816 840 881 contumeliae
862 839 996 903 graves3

203 949 264 1014 Sed
286 950 369 1015 alius
392 948 489 1014 ardor
511 948 709 1048 autpuellae
732 947 889 1026 candidae,

246 1087 312 1150 Aut
334 1083 445 1150 teretis
467 1083 561 1172 pueri
584 1083 713 1170 longam
737 1083 921 1148 renodantis
944 1108 1077 1150 comam.

610 1567 710 1641 XII.

203 1753 302 1853 Quin
327 1765 387 1840 tibi
411 1764 471 1856 vis,
495 1771 610 1842 mulier
634 1778 736 1866 nigris
758 1776 946 1866 dignissima
968 1776 1094 1840 barris?

243 1894 387 1972 Munera¹
407 1907 489 1995 quid
511 1893 602 1987 mibi,
626 1909 747 1997 quidve
771 1908 905 1973 tabellas
980 1986 983 1991 Ι

201 2037 320 2116 Mittis,
342 2060 401 2104 nec
423 2037 517 2104 firmo
535 2041 661 2130 juveni,
684 2064 789 2129 neque
812 2040 899 2106 uaris
921 2040 1049 2104 obesae?

244 2171 394 2260 Namque
417 2173 563 2261 sagacius
586 2196 671 2238 unus
693 2174 823 2252 odoror,

153 2317 173 2368 5
199 2305 356 2396 Polypus,
380 2329 421 2372 an
443 2308 552 2395 gravis
574 2308 709 2373 hirsutis
731 2309 828 2373 cubet
849 2307 959 2372 hircus
981 2307 1015 2371 in
1038 2306 1109 2386 alis,

244 2439 350 2517 Quam
374 2439 461 2506 oanis
483 2463 566 2520 acer,
591 2440 648 2506 ubi
671 2440 771 2506 lateat
794 2463 858 2506 sus.

200 2569 263 2648 Qui
287 2570 387 2636 sudor
408 2572 513 2651 vietis,
537 2584 570 2638 et
593 2595 691 2662 quam
714 2574 819 2639 malus
841 2572 987 2661 undique
1009 2573 1163 2639 membris

243 2703 369 2768 Crescit
391 2704 491 2770 odor!
523 2726 597 2770 cum
619 2728 702 2794 pene
724 2705 831 2773 soluto

200 2833 396 2901 Indomitum
410 2850 571 2925 properat
593 2838 714 2904 rabiem
739 2825 868 2912 sedaret
893 2840 999 2926 neque
1020 2838 1069 2903 illi

143 2976 178 3026 10
243 2967 320 3033 Jam
343 2948 452 3034 manet
474 2970 609 3035 humida
631 2983 729 3050 creta,
753 2971 905 3059 colorque

201 3099 345 3165 Stercore
367 3101 498 3166 fucatus
521 3102 692 3176 crocodili3
715 3103 849 3191 jamque
872 3103 1018 3168 subando

244 3233 353 3298 Teuta
374 3234 496 3300 cubilia
518 3245 667 3323 tectaque
689 3234 822 3323 rumpit.

201 3365 258 3429 Vel
279 3387 351 3431 mea
373 3389 448 3431 cum
472 3367 564 3432 saevis
587 3368 691 3455 agitat
712 3366 844 3431 fastidia
866 3366 989 3430 verbis:
1094 3416 1096 3421 ,

244 3498 405 3564 Iuaoara
428 3499 562 3588 langues
584 3500 692 3564 minus
714 3523 752 3564 ac
773 3521 842 3564 me:

150 3636 179 3688 15
200 3629 364 3697 Inachiam
388 3643 438 3697 ter
459 3644 555 3697 nocte
575 3642 687 3720 potes;
712 3631 791 3696 mihi
815 3653 938 3719 semper
962 3630 1003 3694 ad
1028 3653 1128 3696 unum
1200 3712 1206 3719 ,

243 3763 356 3829 Mollis
378 3787 471 3853 opus.
495 3776 604 3853 pereat
627 3765 721 3844 male,
746 3787 821 3853 quae
843 3776 877 3829 te

201 3895 318 3962 Lesbia
341 3899 500 3985 quaerenti
524 3909 655 3964 taurum
677 3896 867 3962 monstravit
888 3897 1041 3960 inertem:

243 4028 329 4095 Cum
352 4031 432 4095 mihi
456 4031 545 4095 Cous
567 4007 692 4096 adesset
715 4032 917 4118 Amyntas3,

199 4159 303 4248 Cujus
326 4161 360 4225 in
383 4162 540 4227 indomito
563 4153 758 4227 constantior
780 4159 914 4247 inguine
927 4181 1066 4239 ‘nervus

144 4299 176 4352 20
243 4295 348 4372 Quam
373 4317 457 4360 nova
478 4294 617 4359 collibus
640 4295 735 4359 arbor
757 4292 901 4358 inhaeret.

236 4483 259 4515 ν.
269 4468 293 4516 2.
312 4467 385 4528 Vulg.
403 4469 460 4517 Coa
476 4469 542 4517 mihi.
660 4469 683 4515 7.
699 4468 763 4525 Quas
777 4467 856 4516 sudor.
973 4467 997 4516 9.
1013 4465 1076 4515 Nsc-
1112 4472 1115 4476 ’

645 4566 678 4630 G
