<?xml version="1.0" encoding="UTF-8"?>
<!DOCTYPE html PUBLIC "-//W3C//DTD XHTML 1.0 Transitional//EN"
    "http://www.w3.org/TR/xhtml1/DTD/xhtml1-transitional.dtd">
<html xmlns="http://www.w3.org/1999/xhtml" xml:lang="en" lang="en">
 <head>
  <title>
</title>
<meta http-equiv="Content-Type" content="text/html;charset=utf-8" />
  <meta name='ocr-system' content='tesseract 3.04.00' />
  <meta name='ocr-capabilities' content='ocr_page ocr_carea ocr_par ocr_line ocrx_word'/>
</head>
<body>
  <div class='ocr_page' id='page_1' title='image "./horatiusrestitu00flacgoog_0290.png"; bbox 0 0 2844 5130; ppageno 0'>
   <div class='ocr_carea' id='block_1_1' title="bbox 399 463 910 541">
    <p class='ocr_par' dir='ltr' id='par_1_1' title="bbox 399 463 910 541">
     <span class='ocr_line' id='line_1_1' title="bbox 399 463 910 541; baseline -0.004 -15"><span class='ocrx_word' id='word_1_1' title='bbox 399 534 403 541; x_wconf 49' lang='grc'><em>,</em></span> <span class='ocrx_word' id='word_1_2' title='bbox 439 463 710 528; x_wconf 88' lang='lat' dir='ltr'><strong>CARMINUM</strong></span> <span class='ocrx_word' id='word_1_3' title='bbox 742 463 819 526; x_wconf 82' lang='lat' dir='ltr'><strong>Lra.</strong></span> <span class='ocrx_word' id='word_1_4' title='bbox 839 463 910 526; x_wconf 90' lang='lat'>111.</span> 
     </span>
    </p>
   </div>
   <div class='ocr_carea' id='block_1_2' title="bbox 153 660 923 727">
    <p class='ocr_par' dir='ltr' id='par_1_2' title="bbox 153 660 923 727">
     <span class='ocr_line' id='line_1_2' title="bbox 153 660 923 727; baseline -0.003 -1"><span class='ocrx_word' id='word_1_5' title='bbox 153 700 156 704; x_wconf 28' lang='grc' dir='ltr'><em>ι</em></span> <span class='ocrx_word' id='word_1_6' title='bbox 255 673 292 726; x_wconf 78' lang='lat'><strong>45</strong></span> <span class='ocrx_word' id='word_1_7' title='bbox 317 660 491 727; x_wconf 83' lang='lat' dir='ltr'><strong>Horrenda</strong></span> <span class='ocrx_word' id='word_1_8' title='bbox 512 661 576 726; x_wconf 87' lang='lat' dir='ltr'><strong>late</strong></span> <span class='ocrx_word' id='word_1_9' title='bbox 598 684 713 726; x_wconf 91' lang='lat' dir='ltr'><strong>nomen</strong></span> <span class='ocrx_word' id='word_1_10' title='bbox 735 662 769 725; x_wconf 93' lang='lat' dir='ltr'><strong>in</strong></span> <span class='ocrx_word' id='word_1_11' title='bbox 792 661 923 727; x_wconf 84' lang='lat' dir='ltr'><strong>ultimas</strong></span> 
     </span>
    </p>
   </div>
   <div class='ocr_carea' id='block_1_3' title="bbox 250 793 1053 4180">
    <p class='ocr_par' dir='ltr' id='par_1_3' title="bbox 250 793 1053 4180">
     <span class='ocr_line' id='line_1_3' title="bbox 314 793 962 882; baseline -0.005 -24"><span class='ocrx_word' id='word_1_12' title='bbox 314 793 480 860; x_wconf 82' lang='lat' dir='ltr'>Extendat</span> <span class='ocrx_word' id='word_1_13' title='bbox 503 817 594 870; x_wconf 86' lang='lat' dir='ltr'><strong>oras;</strong></span> <span class='ocrx_word' id='word_1_14' title='bbox 619 816 685 881; x_wconf 93' lang='lat' dir='ltr'><strong>qua</strong></span> <span class='ocrx_word' id='word_1_15' title='bbox 707 794 832 858; x_wconf 90' lang='lat' dir='ltr'><strong>medius</strong></span> <span class='ocrx_word' id='word_1_16' title='bbox 854 793 962 882; x_wconf 90' lang='lat' dir='ltr'><strong>liquor</strong></span> 
     </span>
     <span class='ocr_line' id='line_1_4' title="bbox 360 925 861 1015; baseline -0.002 -25"><span class='ocrx_word' id='word_1_17' title='bbox 360 926 503 990; x_wconf 85' lang='lat' dir='ltr'><strong>Seoernit</strong></span> <span class='ocrx_word' id='word_1_18' title='bbox 526 925 683 1015; x_wconf 86' lang='lat' dir='ltr'>Europen</span> <span class='ocrx_word' id='word_1_19' title='bbox 705 925 746 990; x_wconf 93' lang='lat' dir='ltr'><strong>ab</strong></span> <span class='ocrx_word' id='word_1_20' title='bbox 770 925 861 1004; x_wconf 84' lang='lat' dir='ltr'><strong>Afro,</strong></span> 
     </span>
     <span class='ocr_line' id='line_1_5' title="bbox 407 1056 991 1146; baseline -0.005 -23"><span class='ocrx_word' id='word_1_21' title='bbox 407 1059 480 1136; x_wconf 85' lang='lat' dir='ltr'><strong>Qua</strong></span> <span class='ocrx_word' id='word_1_22' title='bbox 501 1057 646 1123; x_wconf 92' lang='lat' dir='ltr'><strong>tumidus</strong></span> <span class='ocrx_word' id='word_1_23' title='bbox 668 1058 754 1146; x_wconf 82' lang='lat' dir='ltr'><strong>rigat</strong></span> <span class='ocrx_word' id='word_1_24' title='bbox 776 1080 855 1122; x_wconf 85' lang='lat' dir='ltr'><strong>arva</strong></span> <span class='ocrx_word' id='word_1_25' title='bbox 876 1056 991 1121; x_wconf 87' lang='lat' dir='ltr'><strong>Nilus:</strong></span> 
     </span>
     <span class='ocr_line' id='line_1_6' title="bbox 315 1175 1053 1277; baseline 0.001 -24"><span class='ocrx_word' id='word_1_26' title='bbox 315 1189 441 1255; x_wconf 79' lang='lat' dir='ltr'><strong>Aurum</strong></span> <span class='ocrx_word' id='word_1_27' title='bbox 462 1175 673 1277; x_wconf 84' lang='lat' dir='ltr'><strong>inrepertum,</strong></span> <span class='ocrx_word' id='word_1_28' title='bbox 696 1203 728 1255; x_wconf 91' lang='lat' dir='ltr'><strong>et</strong></span> <span class='ocrx_word' id='word_1_29' title='bbox 752 1192 796 1255; x_wconf 87' lang='lat' dir='ltr'><strong>sic</strong></span> <span class='ocrx_word' id='word_1_30' title='bbox 819 1189 933 1255; x_wconf 89' lang='lat' dir='ltr'><strong>melius</strong></span> <span class='ocrx_word' id='word_1_31' title='bbox 956 1190 1053 1254; x_wconf 88' lang='lat' dir='ltr'><strong>situm</strong></span> 
     </span>
     <span class='ocr_line' id='line_1_7' title="bbox 254 1322 945 1412; baseline 0.004 -28"><span class='ocrx_word' id='word_1_32' title='bbox 254 1332 292 1384; x_wconf 89' lang='lat'><strong>50</strong></span> <span class='ocrx_word' id='word_1_33' title='bbox 316 1323 401 1399; x_wconf 82' lang='lat' dir='ltr'><strong>Cum</strong></span> <span class='ocrx_word' id='word_1_34' title='bbox 423 1334 509 1389; x_wconf 86' lang='lat' dir='ltr'><strong>terra</strong></span> <span class='ocrx_word' id='word_1_35' title='bbox 531 1324 624 1403; x_wconf 89' lang='lat' dir='ltr'><strong>celat,</strong></span> <span class='ocrx_word' id='word_1_36' title='bbox 649 1344 797 1412; x_wconf 88' lang='lat' dir='ltr'><strong>spernere</strong></span> <span class='ocrx_word' id='word_1_37' title='bbox 818 1322 945 1402; x_wconf 87' lang='lat' dir='ltr'><strong>fortior,</strong></span> 
     </span>
     <span class='ocr_line' id='line_1_8' title="bbox 361 1456 937 1546; baseline -0.002 -24"><span class='ocrx_word' id='word_1_38' title='bbox 361 1458 465 1534; x_wconf 81' lang='lat' dir='ltr'><strong>Quam</strong></span> <span class='ocrx_word' id='word_1_39' title='bbox 488 1471 600 1546; x_wconf 80' lang='lat' dir='ltr'><strong>eogere</strong></span> <span class='ocrx_word' id='word_1_40' title='bbox 621 1456 779 1522; x_wconf 85' lang='lat' dir='ltr'><strong>humanos</strong></span> <span class='ocrx_word' id='word_1_41' title='bbox 792 1456 835 1521; x_wconf 88' lang='lat' dir='ltr'><strong>-in</strong></span> <span class='ocrx_word' id='word_1_42' title='bbox 857 1479 937 1522; x_wconf 85' lang='lat' dir='ltr'><strong>usus</strong></span> 
     </span>
     <span class='ocr_line' id='line_1_9' title="bbox 405 1588 967 1676; baseline 0 -23"><span class='ocrx_word' id='word_1_43' title='bbox 405 1590 508 1653; x_wconf 91' lang='lat' dir='ltr'><strong>Omne</strong></span> <span class='ocrx_word' id='word_1_44' title='bbox 531 1611 656 1654; x_wconf 88' lang='lat' dir='ltr'><strong>sacrum</strong></span> <span class='ocrx_word' id='word_1_45' title='bbox 678 1589 822 1676; x_wconf 86' lang='lat' dir='ltr'><strong>rapiente</strong></span> <span class='ocrx_word' id='word_1_46' title='bbox 845 1588 967 1654; x_wconf 86' lang='lat' dir='ltr'><strong>dextra.</strong></span> 
     </span>
     <span class='ocr_line' id='line_1_10' title="bbox 314 1690 1003 1817; baseline 0 -31"><span class='ocrx_word' id='word_1_47' title='bbox 314 1690 519 1809; x_wconf 83' lang='lat' dir='ltr'><strong>Quicumque</strong></span> <span class='ocrx_word' id='word_1_48' title='bbox 541 1723 664 1791; x_wconf 88' lang='lat' dir='ltr'><strong>mundo</strong></span> <span class='ocrx_word' id='word_1_49' title='bbox 687 1724 842 1817; x_wconf 80' lang='lat' dir='ltr'><strong>terminus</strong></span> <span class='ocrx_word' id='word_1_50' title='bbox 864 1722 1003 1802; x_wconf 86' lang='lat' dir='ltr'><strong>obstitit,</strong></span> 
     </span>
     <span class='ocr_line' id='line_1_11' title="bbox 314 1851 978 1940; baseline 0 -24"><span class='ocrx_word' id='word_1_51' title='bbox 314 1852 414 1917; x_wconf 86' lang='lat' dir='ltr'><strong>Hune</strong></span> <span class='ocrx_word' id='word_1_52' title='bbox 437 1865 550 1940; x_wconf 82' lang='lat' dir='ltr'><strong>tangat</strong></span> <span class='ocrx_word' id='word_1_53' title='bbox 572 1854 690 1928; x_wconf 82' lang='lat' dir='ltr'><strong>armis3</strong></span> <span class='ocrx_word' id='word_1_54' title='bbox 715 1853 818 1920; x_wconf 86' lang='lat' dir='ltr'><strong>visere</strong></span> <span class='ocrx_word' id='word_1_55' title='bbox 839 1851 978 1940; x_wconf 86' lang='lat' dir='ltr'><strong>gestiens</strong></span> 
     </span>
     <span class='ocr_line' id='line_1_12' title="bbox 256 1986 970 2076; baseline -0.001 -24"><span class='ocrx_word' id='word_1_56' title='bbox 256 1996 292 2048; x_wconf 87' lang='lat'><strong>55</strong></span> <span class='ocrx_word' id='word_1_57' title='bbox 362 1988 435 2064; x_wconf 80' lang='lat' dir='ltr'><strong>Qua</strong></span> <span class='ocrx_word' id='word_1_58' title='bbox 457 2000 549 2074; x_wconf 85' lang='lat' dir='ltr'><strong>parte</strong></span> <span class='ocrx_word' id='word_1_59' title='bbox 571 1988 808 2063; x_wconf 80' lang='lat' dir='ltr'><strong>debacchentur</strong></span> <span class='ocrx_word' id='word_1_60' title='bbox 830 1986 933 2076; x_wconf 84' lang='lat' dir='ltr'><strong>ignes,</strong></span> <span class='ocrx_word' id='word_1_61' title='bbox 965 2034 970 2045; x_wconf 75' lang='lat'><em>,</em></span> 
     </span>
     <span class='ocr_line' id='line_1_13' title="bbox 406 2118 936 2206; baseline 0.008 -25"><span class='ocrx_word' id='word_1_62' title='bbox 406 2119 479 2196; x_wconf 84' lang='lat' dir='ltr'><strong>Qua</strong></span> <span class='ocrx_word' id='word_1_63' title='bbox 500 2118 626 2184; x_wconf 87' lang='lat' dir='ltr'><strong>nebuloe</strong></span> <span class='ocrx_word' id='word_1_64' title='bbox 649 2118 818 2206; x_wconf 88' lang='lat' dir='ltr'><strong>pluviique</strong></span> <span class='ocrx_word' id='word_1_65' title='bbox 839 2140 936 2191; x_wconf 84' lang='lat' dir='ltr'><strong>rores.</strong></span> 
     </span>
     <span class='ocr_line' id='line_1_14' title="bbox 316 2251 855 2332; baseline -0.011 -10"><span class='ocrx_word' id='word_1_66' title='bbox 316 2251 379 2322; x_wconf 79' lang='lat' dir='ltr'><strong>Sed</strong></span> <span class='ocrx_word' id='word_1_67' title='bbox 401 2252 559 2326; x_wconf 87' lang='lat' dir='ltr'><strong>bellioosis</strong></span> <span class='ocrx_word' id='word_1_68' title='bbox 581 2253 649 2319; x_wconf 86' lang='lat' dir='ltr'><strong>fata</strong></span> <span class='ocrx_word' id='word_1_69' title='bbox 672 2252 855 2332; x_wconf 82' lang='lat' dir='ltr'><strong>Quiritibus</strong></span> 
     </span>
     <span class='ocr_line' id='line_1_15' title="bbox 315 2383 900 2473; baseline 0.002 -26"><span class='ocrx_word' id='word_1_70' title='bbox 315 2383 388 2448; x_wconf 86' lang='lat' dir='ltr'><strong>Hac</strong></span> <span class='ocrx_word' id='word_1_71' title='bbox 402 2383 482 2472; x_wconf 86' lang='lat' dir='ltr'><strong>lege</strong></span> <span class='ocrx_word' id='word_1_72' title='bbox 504 2385 595 2459; x_wconf 86' lang='lat' dir='ltr'><strong>dioo;</strong></span> <span class='ocrx_word' id='word_1_73' title='bbox 621 2408 663 2451; x_wconf 88' lang='lat' dir='ltr'><strong>ne</strong></span> <span class='ocrx_word' id='word_1_74' title='bbox 684 2386 819 2450; x_wconf 88' lang='lat' dir='ltr'><strong>nimium</strong></span> <span class='ocrx_word' id='word_1_75' title='bbox 842 2383 900 2473; x_wconf 92' lang='lat' dir='ltr'><strong>pii,</strong></span> 
     </span>
     <span class='ocr_line' id='line_1_16' title="bbox 360 2514 825 2603; baseline 0.006 -23"><span class='ocrx_word' id='word_1_76' title='bbox 360 2514 538 2603; x_wconf 90' lang='lat' dir='ltr'><strong>Rebusque</strong></span> <span class='ocrx_word' id='word_1_77' title='bbox 559 2517 705 2596; x_wconf 84' lang='lat' dir='ltr'><strong>fidentes,</strong></span> <span class='ocrx_word' id='word_1_78' title='bbox 729 2518 825 2585; x_wconf 72' lang='lat' dir='ltr'><strong>avita</strong></span> 
     </span>
     <span class='ocr_line' id='line_1_17' title="bbox 252 2651 945 2739; baseline 0.001 -25"><span class='ocrx_word' id='word_1_79' title='bbox 252 2653 291 2714; x_wconf 87' lang='lat'><strong>60</strong></span> <span class='ocrx_word' id='word_1_80' title='bbox 372 2656 376 2663; x_wconf 79' lang='grc'><em>“</em></span> <span class='ocrx_word' id='word_1_81' title='bbox 406 2651 509 2716; x_wconf 84' lang='lat' dir='ltr'><strong>Tecta</strong></span> <span class='ocrx_word' id='word_1_82' title='bbox 530 2651 630 2716; x_wconf 80' lang='lat' dir='ltr'><strong>velint</strong></span> <span class='ocrx_word' id='word_1_83' title='bbox 653 2674 801 2739; x_wconf 86' lang='lat' dir='ltr'><strong>reparare</strong></span> <span class='ocrx_word' id='word_1_84' title='bbox 826 2652 945 2739; x_wconf 82' lang='lat' dir='ltr'><strong>Trojae.</strong></span> 
     </span>
     <span class='ocr_line' id='line_1_18' title="bbox 314 2783 868 2872; baseline 0.011 -25"><span class='ocrx_word' id='word_1_85' title='bbox 314 2783 426 2871; x_wconf 83' lang='lat' dir='ltr'><strong>Trojoe</strong></span> <span class='ocrx_word' id='word_1_86' title='bbox 448 2805 614 2858; x_wconf 79' lang='lat' dir='ltr'><strong>renascens</strong></span> <span class='ocrx_word' id='word_1_87' title='bbox 636 2784 711 2849; x_wconf 84' lang='lat' dir='ltr'><strong>alite</strong></span> <span class='ocrx_word' id='word_1_88' title='bbox 733 2783 868 2872; x_wconf 75' lang='lat' dir='ltr'><strong>lugubri</strong></span> 
     </span>
     <span class='ocr_line' id='line_1_19' title="bbox 316 2901 888 2994; baseline 0.014 -15"><span class='ocrx_word' id='word_1_89' title='bbox 316 2916 463 2980; x_wconf 79' lang='lat' dir='ltr'><strong>Fortuna</strong></span> <span class='ocrx_word' id='word_1_90' title='bbox 486 2916 571 2986; x_wconf 79' lang='lat' dir='ltr'><strong>tristi</strong></span> <span class='ocrx_word' id='word_1_91' title='bbox 595 2916 685 2983; x_wconf 84' lang='lat' dir='ltr'><strong>clade</strong></span> <span class='ocrx_word' id='word_1_92' title='bbox 705 2901 888 2994; x_wconf 72' lang='lat' dir='ltr'><strong>iterabitur,</strong></span> 
     </span>
     <span class='ocr_line' id='line_1_20' title="bbox 349 3046 897 3115; baseline -0.004 -2"><span class='ocrx_word' id='word_1_93' title='bbox 349 3046 508 3114; x_wconf 80' lang='lat' dir='ltr'><strong>&#39;Duoeute</strong></span> <span class='ocrx_word' id='word_1_94' title='bbox 530 3049 676 3115; x_wconf 75' lang='lat' dir='ltr'><strong>victrices</strong></span> <span class='ocrx_word' id='word_1_95' title='bbox 699 3062 842 3115; x_wconf 84' lang='lat' dir='ltr'><strong>catervas</strong></span> <span class='ocrx_word' id='word_1_96' title='bbox 893 3105 897 3111; x_wconf 79' lang='lat'><strong>.</strong></span> 
     </span>
     <span class='ocr_line' id='line_1_21' title="bbox 405 3181 934 3268; baseline 0.002 -25"><span class='ocrx_word' id='word_1_97' title='bbox 405 3181 553 3268; x_wconf 86' lang='lat' dir='ltr'><strong>Conjuge</strong></span> <span class='ocrx_word' id='word_1_98' title='bbox 574 3203 626 3246; x_wconf 89' lang='lat' dir='ltr'><strong>me</strong></span> <span class='ocrx_word' id='word_1_99' title='bbox 647 3181 671 3244; x_wconf 85' lang='lat' dir='ltr'><strong>J</strong></span> <span class='ocrx_word' id='word_1_100' title='bbox 673 3181 742 3245; x_wconf 80' lang='lat' dir='ltr'><strong>ovis</strong></span> <span class='ocrx_word' id='word_1_101' title='bbox 764 3192 797 3246; x_wconf 93' lang='lat' dir='ltr'><strong>et</strong></span> <span class='ocrx_word' id='word_1_102' title='bbox 819 3203 934 3251; x_wconf 83' lang='lat' dir='ltr'><strong>sorore.</strong></span> 
     </span>
     <span class='ocr_line' id='line_1_22' title="bbox 250 3311 889 3398; baseline 0.003 -24"><span class='ocrx_word' id='word_1_103' title='bbox 250 3313 289 3374; x_wconf 82' lang='lat'><strong>65</strong></span> <span class='ocrx_word' id='word_1_104' title='bbox 314 3311 383 3381; x_wconf 85' lang='lat' dir='ltr'><strong>Ter</strong></span> <span class='ocrx_word' id='word_1_105' title='bbox 406 3311 433 3374; x_wconf 84' lang='lat' dir='ltr'><strong>ai</strong></span> <span class='ocrx_word' id='word_1_106' title='bbox 455 3323 604 3398; x_wconf 85' lang='lat' dir='ltr'><strong>resurgat</strong></span> <span class='ocrx_word' id='word_1_107' title='bbox 625 3333 739 3383; x_wconf 87' lang='lat' dir='ltr'><strong>murus</strong></span> <span class='ocrx_word' id='word_1_108' title='bbox 761 3319 889 3393; x_wconf 69' lang='lat' dir='ltr'><strong>sbueus,</strong></span> 
     </span>
     <span class='ocr_line' id='line_1_23' title="bbox 314 3441 1010 3540; baseline 0.007 -34"><span class='ocrx_word' id='word_1_109' title='bbox 314 3442 455 3508; x_wconf 86' lang='lat' dir='ltr'><strong>Auctore</strong></span> <span class='ocrx_word' id='word_1_110' title='bbox 479 3441 699 3540; x_wconf 56' lang='lat' dir='ltr'><strong>Phoeboater</strong></span> <span class='ocrx_word' id='word_1_111' title='bbox 718 3455 831 3531; x_wconf 62' lang='lat' dir='ltr'><strong>,pereat</strong></span> <span class='ocrx_word' id='word_1_112' title='bbox 853 3443 932 3509; x_wconf 87' lang='lat' dir='ltr'><strong>meis</strong></span> <span class='ocrx_word' id='word_1_113' title='bbox 1006 3502 1010 3511; x_wconf 93' lang='lat'>.</span> 
     </span>
     <span class='ocr_line' id='line_1_24' title="bbox 290 3559 893 3662; baseline -0.002 -23"><span class='ocrx_word' id='word_1_114' title='bbox 290 3637 296 3647; x_wconf 77' lang='grc'><strong>,</strong></span> <span class='ocrx_word' id='word_1_115' title='bbox 360 3574 501 3641; x_wconf 84' lang='lat' dir='ltr'><strong>Excisus</strong></span> <span class='ocrx_word' id='word_1_116' title='bbox 524 3559 672 3662; x_wconf 79' lang='lat' dir='ltr'><strong>Argivis:</strong></span> <span class='ocrx_word' id='word_1_117' title='bbox 705 3587 754 3640; x_wconf 85' lang='lat' dir='ltr'><strong>ter</strong></span> <span class='ocrx_word' id='word_1_118' title='bbox 778 3597 862 3641; x_wconf 91' lang='lat' dir='ltr'><strong>uxor</strong></span> <span class='ocrx_word' id='word_1_119' title='bbox 890 3626 893 3631; x_wconf 84' lang='grc'><strong>.</strong></span> 
     </span>
     <span class='ocr_line' id='line_1_25' title="bbox 405 3707 980 3795; baseline -0.003 -23"><span class='ocrx_word' id='word_1_120' title='bbox 405 3708 510 3795; x_wconf 86' lang='lat' dir='ltr'><strong>Capta</strong></span> <span class='ocrx_word' id='word_1_121' title='bbox 532 3707 638 3773; x_wconf 89' lang='lat' dir='ltr'><strong>virum</strong></span> <span class='ocrx_word' id='word_1_122' title='bbox 662 3728 844 3793; x_wconf 85' lang='lat' dir='ltr'><strong>puerosque</strong></span> <span class='ocrx_word' id='word_1_123' title='bbox 866 3707 980 3793; x_wconf 90' lang='lat' dir='ltr'><strong>ploret.</strong></span> 
     </span>
     <span class='ocr_line' id='line_1_26' title="bbox 315 3814 920 3927; baseline -0.002 -25"><span class='ocrx_word' id='word_1_124' title='bbox 315 3839 389 3909; x_wconf 87' lang='lat' dir='ltr'><strong>Non</strong></span> <span class='ocrx_word' id='word_1_125' title='bbox 408 3838 474 3903; x_wconf 85' lang='lat' dir='ltr'><strong>hoc</strong></span> <span class='ocrx_word' id='word_1_126' title='bbox 492 3839 611 3927; x_wconf 83' lang='lat' dir='ltr'><strong>jocosae</strong></span> <span class='ocrx_word' id='word_1_127' title='bbox 635 3837 800 3903; x_wconf 85' lang='lat' dir='ltr'><strong>conveniet</strong></span> <span class='ocrx_word' id='word_1_128' title='bbox 820 3814 920 3926; x_wconf 82' lang='lat' dir='ltr'><strong>lyrae:</strong></span> 
     </span>
     <span class='ocr_line' id='line_1_27' title="bbox 252 3962 1000 4058; baseline -0.001 -23"><span class='ocrx_word' id='word_1_129' title='bbox 252 3984 291 4043; x_wconf 83' lang='lat'><strong>70</strong></span> <span class='ocrx_word' id='word_1_130' title='bbox 311 3974 396 4050; x_wconf 83' lang='lat' dir='ltr'><strong>Quo,</strong></span> <span class='ocrx_word' id='word_1_131' title='bbox 421 3973 531 4051; x_wconf 87' lang='lat' dir='ltr'><strong>Musa,</strong></span> <span class='ocrx_word' id='word_1_132' title='bbox 556 3971 684 4036; x_wconf 80' lang='lat' dir='ltr'><strong>tendis?</strong></span> <span class='ocrx_word' id='word_1_133' title='bbox 719 3969 827 4037; x_wconf 81' lang='lat' dir='ltr'><strong>desine</strong></span> <span class='ocrx_word' id='word_1_134' title='bbox 849 3962 1000 4058; x_wconf 68' lang='lat' dir='ltr'><strong>pervicax</strong></span> 
     </span>
     <span class='ocr_line' id='line_1_28' title="bbox 360 4078 912 4180; baseline -0.004 -12"><span class='ocrx_word' id='word_1_135' title='bbox 360 4078 496 4175; x_wconf 82' lang='lat' dir='ltr'><strong>Reierre</strong></span> <span class='ocrx_word' id='word_1_136' title='bbox 519 4117 677 4168; x_wconf 78' lang='lat' dir='ltr'><strong>sermones</strong></span> <span class='ocrx_word' id='word_1_137' title='bbox 700 4103 856 4180; x_wconf 88' lang='lat' dir='ltr'><strong>Deorum,</strong></span> <span class='ocrx_word' id='word_1_138' title='bbox 880 4112 912 4166; x_wconf 87' lang='lat' dir='ltr'><strong>et</strong></span> 
     </span>
    </p>
   </div>
   <div class='ocr_carea' id='block_1_4' title="bbox 406 4232 946 4323">
    <p class='ocr_par' dir='ltr' id='par_1_4' title="bbox 406 4232 946 4323">
     <span class='ocr_line' id='line_1_29' title="bbox 406 4232 946 4323; baseline -0.007 -25"><span class='ocrx_word' id='word_1_139' title='bbox 406 4236 530 4323; x_wconf 84' lang='lat' dir='ltr'><strong>Magna</strong></span> <span class='ocrx_word' id='word_1_140' title='bbox 552 4234 655 4301; x_wconf 89' lang='lat' dir='ltr'><strong>modis</strong></span> <span class='ocrx_word' id='word_1_141' title='bbox 677 4245 808 4298; x_wconf 86' lang='lat' dir='ltr'><strong>tenuare</strong></span> <span class='ocrx_word' id='word_1_142' title='bbox 830 4232 946 4318; x_wconf 85' lang='lat' dir='ltr'><strong>parvis.</strong></span> 
     </span>
    </p>
   </div>
   <div class='ocr_carea' id='block_1_5' title="bbox 0 0 1426 5130">
    <p class='ocr_par' dir='ltr' id='par_1_5' title="bbox 0 0 1426 5130">
     <span class='ocr_line' id='line_1_30' title="bbox 0 0 1426 5130; baseline 0 2"><span class='ocrx_word' id='word_1_143' title='bbox 0 0 1426 5130; x_wconf 95' lang='lat' dir='ltr'><strong> </strong></span> 
     </span>
    </p>
   </div>
  </div>
 </body>
</html>
