2844 5130
136 428 203 512 111Δ

491 431 529 506 Q.
556 382 784 493 1101111111
801 425 978 495 susem

317 665 320 671 ,
366 624 591 715 Nequicqnam
614 626 746 693 Veneris
768 628 919 715 praesidio
941 630 1032 693 ferox

367 756 480 824 Pestes
503 759 675 839 caesariem,
696 771 856 849 grataque
879 761 1006 826 feminis

306 905 341 956 15
366 891 485 956 Inbelli
508 892 631 956 cithara
653 893 795 957 carmina
817 892 959 958 divides:

408 1024 636 1112 Nequicquam
660 1022 800 1097 thalamo
823 1019 931 1113 grav'is

364 1156 486 1221 Hastas
509 1167 541 1221 et
554 1151 678 1221 'calami
702 1156 826 1245 spicula
849 1157 976 1222 Cnossii

364 1288 501 1368 Vitabis,
526 1288 773 1377 strepitumque,
797 1301 830 1355 et
853 1284 986 1355 celerem
1010 1291 1101 1378 sequi
1190 1370 1196 1376 .

361 1422 511 1509 Ajacem:
535 1434 654 1502 tamen,
670 1422 742 1487 ¹heu
766 1446 866 1502 serus,
890 1424 1055 1488 adulteros

302 1569 341 1620 20
412 1555 520 1620 Crinis
542 1555 676 1642 pulvere
698 1555 838 1622 oollin'es.
878 1552 881 1563 ’

349 1687 439 1751 ·Non
464 1684 831 1765 Laertiaden,exitium
854 1699 919 1753 tuae

365 1815 492 1897 Gentis,
516 1840 580 1883 non
604 1819 737 1908 Pylium
762 1821 900 1885 Nestora
922 1814 1076 1908 respiois?
1179 1878 1182 1885 .

364 1953 518 2038 Urguent
541 1951 687 2038 inpavidi
711 1944 743 2016 t'e
768 1952 961 2017 Salaminius

411 2085 615 2170 Teucerque,
640 2080 677 2149 et'
697 2084 867 2149 Sthenelus
891 2085 993 2150 sciens

301 2228 339 2280 25
364 2216 509 2303 Pugnae3
535 2214 602 2280 sive
624 2238 707 2303 opus
729 2227 778 2281 est
801 2217 985 2304 imperitare
1007 2218 1111 2304 equis,

364 2348 440 2411 Non
463 2346 578 2433 auriga
600 2347 701 2435 piger.
751 2349 920 2413 Merionen
943 2370 1075 2434 quoque

366 2481 494 2544 Nosces.
520 2501 591 2543 ecce
614 2478 695 2544 furit
719 2492 751 2544 te
774 2480 914 2567 reperire
936 2491 1030 2545 atrox

411 2611 558 2701 Tydides
581 2613 692 2678 melior
716 2624 825 2701 petre:

363 2714 539 2825 Quem'tu,
554 2716 678 2810 'cervus
701 2746 751 2810 uti
774 2745 869 2810 vallis
891 2745 925 2809 in
949 2747 1050 2811 altera

302 2893 341 2946 3ο
364 2880 479 2945 Visum
501 2890 594 2967 parte
616 2879 730 2968 lupum
754 2880 910 2967 graminis
932 2881 1099 2958 inmemor,

366 3011 634 3100 Sublimifugies
657 3011 762 3076 mollis
784 3012 942 3090 anhelitu,

389 3144 485 3244 'Non
507 3143 569 3208 hoc
591 3143 757 3232 pollicitus
780 3156 856 3209 tuae.
948 3157 951 3165 '

366 3269 529 3342 Iracunda
551 3275 636 3341 diem
659 3276 801 3363 proferet
826 3275 890 3339 llio

365 3408 591 3497 Matronisque
615 3408 919 3497 Phrygum'elassis
943 3406 1087 3471 Achillei.

303 3557 340 3609 35
366 3544 445 3608 Post
468 3554 571 3607 certas
593 3541 712 3607 hiemes
735 3553 808 3607 uret
832 3540 990 3620 Achaicus

410 3675 504 3763 Ignis
527 3674 643 3740 Iliacas
659 3674 785 3752 domos.
