2844 5130
397 474 407 557 j
428 472 700 553 snamouun
731 489 808 552 nn.
826 489 876 552 11.
901 500 928 560 r.

183 687 248 754 Ibis
270 687 331 752 sub
352 685 475 752 furcam
498 686 651 774 prudens,
675 686 867 773 dominoque
889 687 1009 751 furenti
1120 679 1122 682 ⁵

184 818 355 884 Conmittes
377 838 445 883 rem
467 840 592 911 omnem
614 827 646 884 et
669 817 769 883 vitam
792 831 921 884 etcum
944 841 1076 906 corpore
1098 819 1224 886 famam.

184 949 313 1016 Evssti?
345 961 479 1029 metues,
503 949 608 1027 oredo,
633 950 812 1038 doctusque
834 951 977 1016 cavebis:

184 1084 319 1161 Quaeres,
344 1081 473 1170 quando
495 1081 612 1147 iterum
634 1105 761 1171 paveas,
784 1082 966 1169 iterumque
987 1085 1091 1172 perire

135 1228 166 1285 70
184 1216 301 1280 Possis:
335 1215 495 1280 buliens
518 1220 647 1281 servus!
680 1239 755 1302 quae
777 1217 873 1281 belua
895 1215 1012 1304 ruptis,

186 1349 263 1413 Cum
286 1346 381 1412 semel
403 1346 530 1434 effugit,
552 1346 658 1412 reddit
682 1371 714 1412 se
736 1370 837 1435 prava
858 1349 1001 1414 catenis?

184 1482 252 1545 Non
274 1503 346 1546 sum
368 1480 522 1559 moechus,
545 1481 601 1544 ais.
626 1503 730 1568 neque
752 1504 824 1568 ego,
847 1481 987 1560 hercule,
1005 1483 1077 1559 fur,
1100 1481 1157 1546 ubi
1181 1505 1256 1546 vasa

185 1613 338 1678 Praetereo
361 1613 485 1700 sapiens
507 1625 665 1700 argentea.
690 1614 766 1678 tolle
788 1614 973 1702 periclum‚'

185 1747 255 1811 lam
277 1769 360 1833 vaga
382 1747 525 1834 prosiliet
547 1746 646 1811 frenis
668 1758 785 1811 natura
806 1747 944 1811 remotis.

139 1888 165 1946 7⁵
187 1880 276 1943 Tune
299 1878 378 1942 mibi
400 1878 560 1957 dominus,
584 1900 690 1942 rerum
713 1878 855 1966 imperiis
876 1878 1106 1965 hominumque

186 2013 247 2077 Tot
269 2012 431 2099 tantisque
453 2011 582 2076 minor?
616 2035 713 2098 quem
735 2024 784 2076 ter
806 2011 949 2076 vindicta
971 2023 1150 2098 quaterque

187 2144 326 2233 Inposita
347 2145 436 2209 haud
458 2166 612 2232 umquam
634 2145 749 2209 misera
770 2144 940 2208 formidine
962 2145 1091 2231 privet?

186 2278 270 2342 Adde
294 2301 400 2365 super,
424 2278 519 2343 dictis
541 2277 630 2365 quod
652 2300 716 2342 non
738 2277 841 2341 levius
864 2278 986 2341 valeat:
1020 2299 1094 2340 nam

188 2410 254 2475 Sive
276 2411 415 2476 vicarius
436 2421 495 2489 est,
519 2411 577 2497 qui
600 2433 690 2474 servo
713 2421 816 2497 paret,
841 2409 890 2474 uti
912 2432 980 2474 mos

141 2550 169 2603 80
187 2544 292 2608 Vester
314 2543 379 2617 ait3
405 2566 460 2607 seu
483 2565 674 2614 conservus:
709 2542 768 2607 tibi
791 2542 871 2629 quid
896 2564 966 2606 sum
989 2546 1072 2630 ego?
1104 2564 1219 2631 nempe

189 2676 248 2755 Tu,
273 2676 352 2739 mihi
375 2676 433 2762 qui
455 2676 630 2762 imperitas,
655 2675 725 2739 aliis
748 2675 846 2739 servis
869 2675 984 2749 misen
1009 2686 1107 2761 atque

187 2808 328 2886 Duceris,
352 2819 390 2872 ut
412 2808 518 2873 nervis
539 2808 650 2872 alienis
672 2807 789 2872 mobile
812 2807 949 2895 signum.

187 2941 335 3018 Quisnam
357 2940 458 3028 igitur
480 2940 586 3005 liber?
635 2941 784 3028 Sapiens:
820 2940 880 3005 sibi
904 2941 961 3028 qui
983 2941 1191 3027 imperiosus;

187 3073 284 3150 Quem
308 3095 413 3159 neque
435 3073 615 3160 pauperies,
638 3095 743 3160 neque
766 3096 860 3151 mors,
885 3096 942 3137 nec
964 3073 1093 3136 vincula
1116 3082 1256 3144 terrent;

141 3210 168 3263 85
187 3203 382 3292 Responsare
404 3205 622 3292 cupidinibus,
645 3217 844 3270 contemnere
866 3204 1001 3268 honores

188 3336 312 3412 Fortis3
338 3348 369 3402 et
392 3338 425 3401 in
450 3337 552 3424 seipso
575 3348 683 3411 totus3
709 3349 790 3402 teres
813 3350 911 3423 atque
933 3336 1102 3413 rotundus,

188 3468 320 3536 Externi
342 3492 382 3534 ue
405 3469 485 3557 quid
508 3471 613 3535 valeat
635 3479 692 3558 per
714 3470 783 3534 leve
805 3469 940 3544 morari3

189 3600 225 3665 ln
249 3625 346 3689 quem
369 3623 480 3666 manca
502 3603 568 3666 ruit
592 3625 714 3689 semper
736 3603 875 3667 fortuna.
899 3613 1029 3688 potesne
1089 3644 1093 3651 ·

188 3733 236 3798 Ex
259 3734 321 3813 his,
346 3746 384 3799 ut
406 3735 585 3823 proprium,
609 3735 689 3822 quid
712 3738 866 3799 noscere?
898 3734 1042 3821 quinque
1064 3734 1184 3798 talenta

142 3871 171 3930 90
189 3866 293 3932 Poscit
316 3879 348 3932 te
371 3867 495 3945 mulier,
520 3878 626 3946 vexat,
650 3867 838 3953 foribusque
861 3854 1025 3955 repulsum

190 3998 358 4063 Perfundit
380 3999 503 4087 gelida:
538 4021 649 4062 rursus
671 4010 772 4064 vocat.
797 3999 883 4085 eripe
906 3998 994 4084 turpi

190 4130 278 4194 Colla
296 4131 396 4219 jugo:
432 4131 542 4209 Liber,
567 4130 647 4195 liber
671 4152 752 4211 sum,
776 4129 827 4194 dic
850 4152 917 4215 age.
942 4152 1005 4193 non
1029 4129 1119 4215 quis:

189 4263 314 4352 Urguet
337 4265 420 4328 enim
444 4264 590 4328 dominus
614 4275 749 4328 mentem
772 4285 835 4327 non
857 4262 947 4342 lenis,
972 4275 1003 4326 et
1026 4263 1106 4327 acris

230 4452 251 4483 v.
263 4437 300 4485 68.
317 4437 391 4496 Vulg.
408 4436 504 4495 Cauno,
521 4452 623 4484 sinruas.
712 4435 748 4483 78.
765 4435 936 4484 Suruemcms.
1024 4437 1061 4483 82.
1078 4435 1190 4482 lnosuu.
