2844 5130
408 514 656 559 renuntiator
681 514 946 559 mssrrrrsnron.
1206 493 1240 556 iii

110 673 167 756 his
187 678 323 759 edition
345 684 387 759 of
404 685 543 761 Horace
561 688 660 784 gives
679 684 729 760 all
754 686 826 761 this
846 696 982 761 extract
1001 697 1127 784 except
1143 685 1240 760 what

113 815 233 890 stands
258 843 296 890 as
316 815 379 892 the
401 819 478 892 first
504 820 635 892 section
662 817 704 892 of
722 819 773 893 ic:
803 812 874 893 and
896 817 959 893 the
981 817 1131 892 division
1155 816 1239 893 here

112 948 213 1022 made
233 948 278 1022 of·
290 948 353 1025 the
372 950 485 1025 whole
503 952 581 1025 into
602 961 698 1048 parts
720 950 956 1026 commodious
978 950 1031 1026 for
1053 949 1239 1037 reference,

114 1081 245 1156 willon
262 1082 344 1158 that
360 1094 509 1158 account
524 1086 569 1159 be
585 1083 720 1182 readily
735 1084 890 1158 allowed.

356 1635 415 1694 DE
442 1634 726 1695 ¹TEMPORIBUS
756 1636 984 1695 LIBRORUM

511 1811 835 1896 H'ORATII

486 2115 718 2166 POEMATUM
748 2114 858 2166 Anno

294 2270 431 2344 RICH.
465 2278 711 2344 BENTLEH
746 2276 1043 2344 SENTENTIA.

180 2600 212 2670 1.
262 2591 357 2676 JAM
394 2621 475 2675 vero
511 2611 549 2675 et
585 2603 677 2677 illud
710 2601 925 2677 monendum
957 2611 1021 2686 est,
1063 2590 1235 2674 editiones

103 2730 279 2830 principes
307 2741 346 2805 et
371 2732 574 2806 recentioris
598 2733 713 2805 aetatis
742 2724 876 2806 codices
902 2731 972 2806 alio
998 2756 1039 2804 ac
1062 2755 1158 2804 nunc
1182 2754 1235 2804 so·

101 2859 218 2940 lemus
243 2860 366 2940 ordine
398 2864 530 2939 Artem
562 2863 744 2938 Poe'ta‘com
774 2865 953 2951 collocare,
985 2873 1066 2963 post
1094 2888 1235 2938 carmen

100 3020 230 3096 nempe
247 2997 421 3072 Saeculare
438 3008 522 3071 ante
542 2997 728 3072 Sermones
746 3010 783 3072 et
799 2997 1002 3096 Epistolasr
1027 2998 1234 3072 vetustiores

100 3152 182 3204 vero
215 3148 348 3204 omnes‘
370 3130 598 3204 Membranas
625 3140 704 3226 post
731 3130 936 3204 Carminum
969 3124 1077 3204 libros
1101 3127 1232 3202 Artem

98 3262 240 3361 Epodis
272 3286 481 3360 praeponere.
532 3256 573 3337 Si
613 3264 748 3360 quaeris,
787 3264 948 3359 quisnam
982 3285 1027 3335 ex
1058 3261 1115 3335 his
1148 3260 1233 3335 ordo

99 3405 194 3470 reete
221 3420 257 3469 se
289 3393 430 3480 habeat,
465 3395 659 3493 seriemque
689 3388 898 3492 temporum,
932 3395 1059 3492 quibus
1091 3393 1232 3491 singula

98 3529 143 3603 ab
168 3537 309 3602 auctore
333 3527 430 3602 edita
452 3537 546 3614 sunt,
572 3528 640 3602 rite
658 3537 849 3615 conservet,
873 3537 1079 3602 vetustusne
1100 3526 1163 3601 ille
1183 3551 1229 3600 an

99 3661 238 3735 medius
254 3686 300 3735 an
316 3654 531 3749 hodiernum
557 3659 679 3734 nullus
693 3660 849 3758 profecto
865 3661 1032 3735 omnium.

173 3869 210 3934 2.
261 3860 399 3958 Ma'gno
426 3858 570 3957 quidem
599 3852 717 3935 studio
745 3871 782 3936 et
810 3861 977 3934 acerrima
1002 3862 1227 3935 contentione

97 4002 177 4090 post
198 3989 412 4089 Tanaquillo'
433 3989 557 4066 Fabri
578 4016 718 4090 operam
739 3992 933 4067 Clarissimi
954 3994 1019 4066 viri
1040 3991 1227 4066 Docera'os

96 4123 367 4222 Muraenaeque
398 4125 438 4197 in
470 4124 564 4199 hanc
596 4150 738 4199 arenam
765 4120 1042 4214 descenderunt3
1077 4148 1225 4223 quorum

96 4257 260 4356 equidem
299 4281 447 4332 acumen
483 4267 521 4332 et
557 4257 792 4333 eruditionem
826 4260 866 4332 in
899 4259 1057 4355 partibus
1095 4257 1223 4346 laudo;

94 4391 133 4464 in
157 4391 270 4488 operis
293 4415 384 4463 vero·
399 4414 535 4464 summa
560 4398 704 4489 totoque
728 4390 973 4466 constituendo
994 4412 1067 4466 rem
1091 4415 1148 4465 eos
1169 4394 1224 4465 in-

624 4532 692 4596 ot
