2844 5130
488 427 526 505 Q.
551 427 764 492 HORATII
796 428 973 492 FLACOI

323 635 360 686 45
375 623 444 710 *Vel
467 624 533 690 sole
554 629 654 713 puro:
680 649 744 690 non
768 638 875 692 tamen
896 627 1047 704 inritum,

256 761 258 767 ’
384 752 607 846 Quodcunque
629 768 715 824 retro
737 771 798 845 est,
821 759 953 835 efficiet3
978 779 1086 847 neque

428 891 595 980 Diffinget‚
619 893 839 980 infectumque
861 892 985 971 reddet,

474 1024 571 1103 Quod
592 1024 720 1113 fugiens
743 1026 838 1090 semel
861 1025 940 1090 hora
963 1025 1064 1090 vexit.

320 1195 323 1204 =
383 1149 529 1224 Fortuna
551 1181 636 1234 saevo
658 1159 734 1223 laeta
755 1158 896 1246 negotio,
920 1171 952 1223 et
1001 1213 1004 1217 .
1044 1176 1075 1206 θ

185 1329 187 1333 ψ
320 1299 359 1350 50
382 1285 516 1353 Ludum
537 1286 725 1354 insolentem
747 1288 859 1354 ludere
882 1289 1043 1377 pertinax,

376 1473 379 1479 .
421 1421 640 1486 ‘Transmutat
661 1421 798 1486 incertos
820 1421 967 1501 honores,

472 1553 570 1618 Nunc
591 1553 681 1631 mihi,
702 1564 792 1617 'nuno
814 1553 869 1618 alii
891 1553 1039 1640 benigna.
1086 1628 1089 1638 ,

263 1699 264 1702 ’
384 1683 502 1749 Laudo
523 1696 711 1754 manentem.
735 1684 763 1748 si
786 1684 895 1750 celeria
912 1684 1025 1772 quatit
1071 1695 1072 1698 ’

382 1816 528 1892 Pennas;
552 1816 680 1906 resigno
703 1840 777 1906 quse
799 1816 1053 1894 dedit,⁴et-mea

319 1959 357 2011 55
426 1949 628 2039 Virtutesme
650 1948 792 2028 involvo,
815 1949 1027 2038 probamque

356 2139 357 2145 ,
472 2083 664 2171 Pauperiem
686 2082 759 2148 sine·
775 2082 851 2148 dote
872 2096 993 2171 quaero.

381 2216 456 2279 Non
479 2226 527 2280 est
549 2237 667 2295 meum,
692 2215 719 2281 si
741 2215 865 2304 mugiat
887 2215 1025 2283 Africis.

381 2348 492 2413 Malus
505 2348 672 2435 procellis,
696 2348 738 2415 ad
760 2348 890 2415 miseras
912 2371 1023 2436 preces
1048 2353 1072 2403 1.
1100 2386 1102 2391 ,

424 2480 612 2560 Decurrere,
637 2491 670 2546 et
692 2480 776 2548 votis
797 2481 926 2569 pacisci,
1010 2495 1011 2498 ’

317 2613 356 2675 60
456 2614 527 2685 Ne·
545 2615 675 2702 Cypria
699 2614 877 2702 Tyriaeque
898 2628 1019 2679 merces

379 2743 511 2811 Addunt
533 2769 630 2812 avaro
652 2746 782 2814 divitias
803 2746 892 2813 mari.

379 2877 469 2945 Tum
491 2901 543 2945 me
563 2879 694 2946 biremis
715 2880 865 2968 praesidio
888 2879 1034 2968 scaphae

420 3009 553 3079 v'l'utum
575 3034 633 3099 per
656 3013 788 3099 AEgoeos
811 3013 974 3079 tumultus

468 3143 557 3208 Aura
578 3143 671 3222 ferat,
694 3143 907 3232 geminusque
930 3144 1060 3209 Pollux.

655 3564 799 3638 XXX.

334 3785 458 3870 Error
482 3817 724 3871 monumentum
747 3828 810 3872 aere
829 3807 1011 3894 perennius,

332 3938 514 4027 Regaliqne
537 3939 602 4004 situ
623 3940 829 4029 pyramidum
850 3940 967 4015 altius;

333 4073 428 4149 Quod
450 4095 515 4137 non
536 4073 639 4138 imber
661 4073 764 4151 edax,
777 4097 844 4138 non
867 4074 987 4161 Aquilo
1009 4073 1160 4160 inpotens

334 4203 440 4270 Possit
463 4207 601 4286 diruere,
625 4218 682 4271 aut
703 4207 944 4273 innumerabilis

439 4395 462 4426 v.
472 4381 510 4428 62.
526 4381 602 4439 Vulg.
615 4381 696 4429 Tunc.
869 4383 908 4429 64.
924 4381 1015 4428 Funus.
