2844 5130
451 484 722 549 SERMONUM
754 487 831 550 Lm.
850 488 877 550 Ι.
902 499 929 549 3.

197 679 250 744 Ille
274 679 433 768 Tigellius
455 681 524 745 hoc.
577 683 696 760 Caesar,
721 683 778 769 qui
801 668 913 770 cogere
936 692 1052 768 posset,

162 821 177 872 5
196 810 224 874 Si
242 823 364 898 peteret
386 835 445 901 per
467 813 637 881 amicitiam
659 814 759 902 patris
781 825 880 901 atque
904 835 1006 891 suam,
1029 835 1095 878 non

191 943 367 1030 ‚Quicquam
386 945 575 1033 proficeret:
603 946 629 1010 si
653 945 868 1024 conlibuisset,
893 945 936 1010 ab
959 967 1021 1009 ovo

196 1075 299 1163 Usque
322 1077 365 1146 ad
388 1079 471 1144 mala
493 1079 634 1167 iteraret,
660 1080 698 1143 Io
722 1078 857 1156 Bacche,
880 1076 976 1142 modo
1000 1070 1130 1142 summa

196 1208 281 1288 Voce,
306 1211 400 1286 modo
422 1211 494 1290 hac,
519 1225 645 1278 resonat
668 1236 742 1300 quae
763 1211 891 1278 chordis
914 1221 1069 1297 quattuor
1091 1210 1172 1276 ima:

197 1341 244 1408 Nil
265 1346 387 1432 aequale
408 1346 529 1412 homini
551 1347 616 1412 tuit
631 1346 707 1412 illi:
735 1370 819 1434 saepe
842 1347 931 1411 velut
955 1345 1012 1431 qui

155 1456 181 1535 lt
197 1470 344 1541 currebat
366 1477 492 1565 fugiens
515 1477 658 1552 hostem3
687 1501 829 1566 persaepe
851 1479 941 1543 velut
964 1477 1021 1563 qui

197 1607 327 1673 Junonis
350 1631 439 1674 sacra
460 1611 577 1676 ferret:
604 1611 709 1676 alebat
732 1632 817 1698 saepe
839 1611 1005 1686 ducentos,

197 1739 278 1828 Saepe
299 1740 407 1808 decem
423 1766 552 1808 servos:
581 1743 676 1809 modo
700 1766 792 1830 reges
813 1754 917 1828 atque
933 1740 1119 1817 tetrarchas,

195 1873 302 1940 Omnia
324 1899 440 1965 magna
462 1878 615 1964 loquens3
642 1878 748 1956 modo,
773 1877 822 1941 Sit
845 1875 924 1941 mihi
947 1896 1054 1940 mensa
1078 1873 1188 1961 tripes,
1213 1885 1246 1937 et

194 2004 314 2072 Concha
337 2008 411 2084 salis
433 2008 519 2096 puri,
544 2021 577 2074 et
600 2021 677 2098 toga
700 2032 774 2096 quae
797 2007 965 2072 defendere
987 2006 1092 2094 frigus

150 2147 176 2198 ¹5
193 2141 338 2218 Quamvis
360 2165 465 2209 crassa
486 2157 593 2231 queat.
618 2144 721 2208 decies
744 2155 876 2209 centena
897 2142 1037 2216 dedisses

192 2272 272 2339 Huic
295 2298 402 2361 parco,
426 2277 537 2364 paucis
559 2288 728 2351 content0;
754 2275 898 2363 quinque
920 2274 1034 2339 diebus

191 2405 239 2470 Nil
261 2408 385 2472 eratin
407 2409 529 2474 loculis.
552 2421 661 2475 noctes
683 2407 838 2495 vigilabat
860 2406 902 2471 ad
924 2406 1031 2494 ipsum

190 2538 300 2617 Mane;
326 2542 410 2607 diem
419 2555 538 2608 ..totum
561 2543 723 2608 stertebat.
746 2541 794 2606 nil
815 2541 879 2606 fuit
902 2562 1056 2627 umquam

190 2673 235 2738 Sic
255 2675 360 2763 impar
383 2676 453 2741 sibi.
477 2699 563 2742 nunc
585 2676 702 2763 aliquis
725 2675 811 2740 dicat
832 2675 923 2751 mihi,
948 2673 1036 2752 Quid
1058 2677 1121 2739 tu?

140 2811 171 2864 20
188 2805 322 2872 Nullane
335 2806 440 2874 habes
462 2806 566 2873 vitia?
605 2809 686 2872 imo
699 2808 781 2885 alia,
805 2818 837 2871 et
855 2805 994 2872 ‘fortasse
1015 2805 1148 2870 minora.

188 2937 323 3004 Maenius
346 2939 514 3005 absentum
537 2941 679 3005 Nouium
704 2963 778 3004 cum
801 2950 961 3026 carperet:
993 2938 1088 3003 Heus
1111 2949 1160 3017 tu,

189 3068 321 3145 Quidam
346 3070 402 3147 ait,
426 3071 554 3158 ignoras
576 3083 620 3147 te,
645 3093 685 3135 an
709 3081 747 3134 ut
771 3070 919 3156 ignotum
942 3069 1018 3132 dare
1042 3068 1133 3167 nobis

108 3212 111 3217 ’
187 3201 286 3268 Verba
308 3208 427 3290 putas?
479 3205 619 3292 Egomet
642 3206 685 3268 mi
707 3197 849 3292 ignosco,
875 3203 1018 3266 Maenius
1041 3203 1157 3289 inquit.

189 3334 311 3400 Stultus
334 3348 365 3401 et
388 3337 543 3426 inprobus
566 3337 617 3401 hic
642 3359 729 3400 amor
753 3348 812 3412 est,
836 3335 1019 3420 dignusque
1042 3334 1155 3398 notari.

139 3475 169 3527 2⁵
189 3469 266 3534 Cum
292 3481 348 3535 tua
370 3472 546 3559 praevideas
569 3452 669 3536 oculis'
692 3471 774 3535 male
796 3470 906 3557 lippus
928 3469 1087 3542 inunctis;

188 3601 250 3666 Cur
273 3604 308 3667 in
332 3604 504 3670 amicorum
527 3605 613 3669 vitiis
637 3616 702 3669 tam
726 3603 828 3669 cernis
851 3614 993 3680 acutum,

188 3733 287 3810 Quam
310 3745 366 3798 aut
389 3735 508 3821 aquila,
534 3746 590 3799 aut
614 3757 741 3822 serpens
763 3734 987 3822 Epidaurius?
1014 3745 1047 3798 at
1072 3735 1131 3800 tibi
1155 3747 1266 3826 contra

185 3864 311 3944 Evenit,
336 3866 501 3953 inquirant
526 3868 606 3932 vitia
627 3880 664 3932 ut
689 3879 747 3933 tua
770 3890 881 3932 rursus
903 3877 936 3931 et
959 3866 1015 3930 illi.

186 3996 372 4063 Iracundior
395 4011 443 4063 est
465 4000 593 4087 paullo:
621 4001 726 4065 minus
750 4013 844 4090 aptus
867 3999 970 4063 acutis

133 4135 167 4187 30
186 4128 324 4196 Naribus
346 4131 461 4195 horum
484 4131 667 4199 hominum:
694 4133 791 4199 rideri
814 4131 926 4219 possit,
950 4155 987 4195 eo
1010 4131 1098 4220 quod

322 4352 345 4385 v.
356 4336 379 4384 7.
395 4336 469 4394 Vulg.
483 4336 603 4386 Crrsnar.
807 4330 843 4383 11.
859 4335 986 4385 Hnnrnnr.

342 4429 381 4478 20.
397 4428 473 4478 Hauo
483 4427 537 4479 fort.
806 4429 844 4475 25.
860 4427 1003 4481 Pnavrnnaa
1013 4444 1050 4478 oc.
1061 4444 1140 4477 MALA.
