2828 5122
497 475 689 541 EPODON
721 477 880 542 LIBER.

319 673 450 762 Equina
473 676 584 760 quales
607 675 727 749 ubera;
755 754 759 768 Ι

273 809 456 894 Venterque
480 807 595 885 mollis,
619 817 651 871 et
674 808 779 872 femur
802 807 1003 872 tumentibus

215 951 249 1002 10
318 938 416 1003 Exile
439 938 522 1003 suris
544 938 702 1011 additum.

273 1073 355 1136 Esto
378 1071 489 1136 beata:
523 1070 622 1134 funus
646 1082 744 1158 atque
765 1070 919 1158 imagines

318 1204 450 1283 Ducant
473 1202 693 1289 triumphales>
706 1214 818 1267 tuum:

273 1296 341 1399 Nec
365 1334 407 1399 sit
430 1333 545 1398 marita
567 1357 641 1420 quae
664 1334 907 1399 rotundioribus

320 1466 447 1531 Onusta
468 1466 578 1554 baccis¹
596 1466 748 1532 ambulet.

217 1612 249 1662 15
274 1598 372 1678 Quid,
396 1599 485 1685 quod
507 1597 608 1662 libelli
633 1598 733 1664 Stoici
755 1599 839 1663 inter
863 1598 977 1664 sericos

320 1732 433 1795 Jacere
456 1730 609 1818 pulvillos
632 1734 763 1794 amant?

274 1863 434 1927 Inliterati
458 1886 536 1927 num
560 1863 666 1927 minus
688 1863 778 1930 nervi
802 1865 930 1952 rigent?

320 1995 473 2059 Minusve
495 1995 628 2083 languet
651 1994 832 2063 fascinum?

274 2125 370 2205 Quod
392 2138 431 2192 ut
454 2127 593 2214 superbo
614 2149 768 2215 provoces
791 2128 832 2193 ab
854 2128 996 2217 inguine,

216 2271 252 2322 20
320 2261 384 2324 Ore
407 2257 659 2324 adlaborandum
685 2273 732 2325 est
755 2260 845 2326 tibia

517 2870 567 2919 AD
593 2868 859 2920 MAECENATEM.

277 3027 439 3125 Quauoo
462 3048 482 3110 ὃ
505 3059 669 3136 repostum
695 3049 872 3114 Caecubum
895 3047 938 3112 ad
959 3047 1057 3111 festas
1080 3046 1189 3133 dapes,

321 3178 449 3244 Victore
471 3179 566 3244 loetus
591 3181 728 3260 Caesare,

277 3311 401 3377 Tecum
424 3312 486 3376 sub
509 3314 576 3378 alta
600 3313 660 3396 (sic
684 3314 761 3379 Jovi
783 3315 928 3401 gratum)
953 3312 1060 3389 domo,
1116 3319 1121 3331 '

322 3446 422 3509 Beate
446 3447 619 3525 Maecenas,
641 3446 774 3510 bibam?

236 3589 253 3640 5
279 3579 419 3642 Sonante
441 3579 551 3643 mixtis
574 3578 662 3644 tibiis
685 3599 810 3643 carmen
832 3579 914 3666 lyra,

323 3711 396 3774 Hac
421 3711 569 3790 Dorium,
594 3711 657 3776 illis
682 3711 879 3776 Barbarum:

277 3844 327 3907 Ut
350 3864 473 3929 nuper;
498 3854 589 3908 actus
613 3867 686 3908 cum
709 3845 793 3909 freto
817 3831 1002 3930 Neptunius
1081 3915 1083 3921 ¹

323 3975 402 4039 Dux
426 3976 513 4063 fugit
535 3977 617 4041 ustis
639 3977 787 4056 navibus

280 4107 427 4172 Minatus
451 4107 536 4172 Urbi
561 4108 676 4188 vincla,
701 4127 784 4196 quas
799 4108 994 4173 detraxerat

222 4252 256 4303 10
325 4239 432 4304 Servis
454 4241 575 4304 amicus
597 4240 736 4328 perfidia

340 4433 364 4464 v.
376 4417 398 4463 l.
414 4414 488 4474 Vulg.
505 4415 606 4471 Quando
617 4422 701 4474 repeat.
877 4415 901 4462 5.
929 4412 1050 4463 errun.
1108 4442 1111 4447 -
