2844 5130
469 477 739 542 SERMONUM
770 477 847 542 er.
866 478 894 543 1.
921 492 948 542 5.

214 676 340 740 Postera
362 675 420 739 lux
443 675 545 739 oritur
567 675 670 740 multo
692 675 887 763 gratissima:
913 699 1050 763 namque

167 818 196 868 40
215 807 335 872 Plotius
357 818 389 872 et
406 807 529 871 ,Varius
554 807 721 886 Sinuessae,
746 807 964 895 Virgiliusque

214 941 411 1016 Occurrunt3
436 940 559 1018 animae,
583 940 688 1026 qualis
710 962 813 1026 neque
836 940 1033 1004 candidiores

214 1072 311 1138 Terra
333 1073 421 1149 tulit,
445 1095 548 1160 neque
570 1073 642 1160 quis
665 1095 715 1137 me
739 1073 779 1138 sit
802 1072 977 1138 devinctior
1000 1074 1088 1138 alter.

206 1205 239 1267 -0
261 1205 317 1292 qui
340 1205 526 1294 conplexus,
550 1217 581 1271 et
603 1205 723 1292 gaudia
745 1217 866 1292 quanta
887 1204 1038 1272 fuerunt!

212 1337 264 1402 Nil
286 1362 345 1426 ego
367 1336 555 1404 contulerim
574 1336 716 1426 jocundo
740 1361 834 1404 sanus
857 1338 966 1403 amico.

160 1482 192 1533 45
213 1471 359 1535 Proxima
383 1472 545 1559 Campano
568 1471 659 1559 ponti
683 1493 757 1558 quae
779 1471 903 1549 villula,
927 1483 1046 1536 tectum

211 1603 363 1682 Praebuit,
387 1616 419 1670 et
441 1605 583 1692 parochi,
608 1629 681 1692 quae
704 1605 831 1683 debent,
856 1605 943 1692 ligna
967 1604 1141 1690 salemque.

211 1737 295 1801 Hinc
318 1737 397 1801 muli
422 1732 548 1824 Capuae'
566 1738 699 1802 clitellas
722 1749 863 1824 tempore
886 1749 1019 1824 ponunt.

209 1870 332 1934 Lusum
355 1869 382 1934 it
406 1873 578 1949 Maecenas,
601 1870 774 1935 dormitum
798 1894 857 1958 ego
881 1871 1116 1958 Virgiliusque:

209 2002 354 2091 Namque
377 2002 443 2089 pila
465 2002 562 2089 lippis
584 2003 747 2066 inimicum
771 2015 803 2067 et
825 2002 935 2067 ludere
958 2002 1074 2066 crudis.

148 2145 184 2194 50
209 2133 292 2197 Hinc
316 2155 374 2197 nos
398 2133 522 2198 Cocccii
544 2134 658 2222 recipit
681 2134 862 2220 plenissima
885 2134 973 2212 villa,

207 2266 285 2344 Quae
308 2288 404 2352 super
426 2276 473 2330 est
498 2265 603 2329 Caudi
625 2288 792 2352 cauponas.
817 2288 902 2330 nunc
925 2266 1002 2329 mihi
1025 2266 1135 2352 paucis

209 2397 362 2462 Sarmenti
386 2420 503 2463 scurrae
525 2420 668 2486 pugnam
693 2399 856 2484 Messique
880 2398 1006 2472 Cicirri,
1036 2360 1040 2372 ›

207 2530 313 2608 Musa,
337 2529 432 2594 velim
456 2551 624 2594 memores:
658 2541 690 2595 et
714 2554 780 2617 quo
801 2541 893 2618 patre
915 2541 1009 2595 natus
1032 2541 1167 2616 uterque

208 2661 387 2726 Contulerit
409 2661 489 2726 lites.
538 2663 638 2726 Messi
660 2631 780 2726 clarum
803 2684 904 2748 genus
928 2663 1020 2726 Osci:

140 2805 180 2856 55
209 2793 364 2857 Sarmenti
388 2793 515 2857 domina
538 2805 651 2859 exstat.
674 2793 715 2858 ab
739 2793 788 2857 his
811 2792 984 2880 majoribus
1006 2794 1068 2857 orti

208 2923 257 2988 Ad
279 2944 420 3012 pugnam
444 2944 565 2990 venere.
586 2925 677 3011 ⁴prior
702 2927 905 3001 Sarmentus;
932 2925 1020 3012 Equi
1044 2936 1075 2989 te

207 3057 286 3122 Esse
308 3057 523 3125 ierisimilem
547 3058 627 3123 dico.
654 3051 827 3123 Ridemus:
862 3059 983 3146 etipse

207 3189 356 3268 Messius,
381 3190 528 3278 Accipio:
562 3202 714 3278 caputet
738 3201 852 3255 movet.
878 3192 918 3266 Ο,
943 3200 1000 3254 tua
1023 3211 1120 3252 cornu

205 3321 249 3383 Ni
271 3320 353 3386 foret
376 3334 501 3406 exsecto
523 3322 622 3400 frons,
646 3314 771 3410 inquit,
788 3321 867 3408 quid
889 3322 1027 3395 faceres3
1054 3315 1125 3384 cum

135 3457 183 3516 60
206 3451 258 3515 Sic
280 3453 413 3517 mutilus
435 3454 612 3518 miniteris?
644 3467 677 3519 at
700 3454 747 3518 illi
770 3454 857 3518 foeda
880 3448 1011 3518 cicatrix

206 3584 443 3650 Setosam·laevi
466 3585 602 3650 frontem
626 3597 811 3673 turpaverat
834 3579 905 3649 oris.

206 3717 405 3804 Campanum
427 3718 460 3782 in
484 3718 642 3796 morbum,
665 3718 698 3782 in
721 3718 833 3782 faciem
856 3717 1015 3804 permulta
1034 3717 1170 3803 jocatus,

206 3824 370 3914 Pastorem
394 3851 522 3917 saltaret
545 3852 595 3916 uti
619 3851 773 3939 Cyclopa,
797 3846 949 3938 rogabat:

204 3979 262 4044 Nil
285 3981 332 4046 illi
353 3983 443 4048 larva
465 3995 522 4047 aut
546 3983 674 4071 tragicis
696 4005 778 4070 opus
800 3976 865 4046 esse
889 3980 1059 4047 cothurnis.

137 4116 178 4176 65
205 4112 315 4176 Multa
339 4115 480 4179 Cicirrus
503 4115 651 4180 adhaec:
688 4115 845 4179 Donasset
864 4114 971 4202 jamne
994 4123 1133 4176 catenam

205 4245 258 4308 Ex
282 4257 357 4310 voto
381 4247 531 4324 Laribus,
555 4246 736 4334 quaerebat:
771 4247 872 4310 scriba
894 4245 1095 4332 quodlesset,

316 4421 353 4467 52.
369 4420 442 4478 Vulg.
458 4419 577 4468 cretam.
658 4421 858 4467 60.M1nrrnn1s.
944 4421 982 4467 65.
998 4419 1131 4466 Claranus.
