<?xml version="1.0" encoding="UTF-8"?>
<!DOCTYPE html PUBLIC "-//W3C//DTD XHTML 1.0 Transitional//EN"
    "http://www.w3.org/TR/xhtml1/DTD/xhtml1-transitional.dtd">
<html xmlns="http://www.w3.org/1999/xhtml" xml:lang="en" lang="en">
 <head>
  <title>
</title>
<meta http-equiv="Content-Type" content="text/html;charset=utf-8" />
  <meta name='ocr-system' content='tesseract 3.04.00' />
  <meta name='ocr-capabilities' content='ocr_page ocr_carea ocr_par ocr_line ocrx_word'/>
</head>
<body>
  <div class='ocr_page' id='page_1' title='image "./horatiusrestitu00flacgoog_0274.png"; bbox 0 0 2844 5130; ppageno 0'>
   <div class='ocr_carea' id='block_1_1' title="bbox 345 447 898 550">
    <p class='ocr_par' dir='ltr' id='par_1_1' title="bbox 345 447 898 550">
     <span class='ocr_line' id='line_1_1' title="bbox 345 447 898 550; baseline -0.002 -2"><span class='ocrx_word' id='word_1_1' title='bbox 345 447 347 451; x_wconf 60' lang='grc'>’</span> <span class='ocrx_word' id='word_1_2' title='bbox 447 485 717 550; x_wconf 75' lang='lat' dir='ltr'><strong>CARMINUM</strong></span> <span class='ocrx_word' id='word_1_3' title='bbox 750 485 827 549; x_wconf 67' lang='lat' dir='ltr'><strong>Lu.</strong></span> <span class='ocrx_word' id='word_1_4' title='bbox 847 485 898 548; x_wconf 92' lang='lat'><strong>11.</strong></span> 
     </span>
    </p>
   </div>
   <div class='ocr_carea' id='block_1_2' title="bbox 218 685 1097 1830">
    <p class='ocr_par' dir='ltr' id='par_1_2' title="bbox 276 685 992 897">
     <span class='ocr_line' id='line_1_2' title="bbox 276 685 992 781; baseline -0.004 -28"><span class='ocrx_word' id='word_1_5' title='bbox 276 690 334 752; x_wconf 89' lang='lat' dir='ltr'><strong>Me</strong></span> <span class='ocrx_word' id='word_1_6' title='bbox 357 687 461 752; x_wconf 87' lang='lat' dir='ltr'><strong>dulcis</strong></span> <span class='ocrx_word' id='word_1_7' title='bbox 484 687 620 750; x_wconf 77' lang='lat' dir='ltr'><strong>dominae</strong></span> <span class='ocrx_word' id='word_1_8' title='bbox 644 688 743 751; x_wconf 93' lang='lat' dir='ltr'><strong>Musa</strong></span> <span class='ocrx_word' id='word_1_9' title='bbox 757 685 945 781; x_wconf 71' lang='lat' dir='ltr'><strong>,Licymnia</strong></span> <span class='ocrx_word' id='word_1_10' title='bbox 989 776 992 780; x_wconf 88' lang='lat'><em>.</em></span> 
     </span>
     <span class='ocr_line' id='line_1_3' title="bbox 278 816 905 897; baseline -0.006 -13"><span class='ocrx_word' id='word_1_11' title='bbox 278 823 413 897; x_wconf 90' lang='lat' dir='ltr'><strong>Cantus,</strong></span> <span class='ocrx_word' id='word_1_12' title='bbox 437 841 486 883; x_wconf 89' lang='lat' dir='ltr'><strong>me</strong></span> <span class='ocrx_word' id='word_1_13' title='bbox 509 818 613 882; x_wconf 87' lang='lat' dir='ltr'><strong>voluit</strong></span> <span class='ocrx_word' id='word_1_14' title='bbox 635 817 738 882; x_wconf 88' lang='lat' dir='ltr'><strong>dicere</strong></span> <span class='ocrx_word' id='word_1_15' title='bbox 760 816 905 895; x_wconf 83' lang='lat' dir='ltr'><strong>lucidum</strong></span> 
     </span>
    </p>

    <p class='ocr_par' dir='ltr' id='par_1_3' title="bbox 223 948 1097 1567">
     <span class='ocr_line' id='line_1_4' title="bbox 223 948 894 1038; baseline -0.004 -24"><span class='ocrx_word' id='word_1_16' title='bbox 223 966 253 1017; x_wconf 88' lang='lat'><strong>15</strong></span> <span class='ocrx_word' id='word_1_17' title='bbox 278 951 448 1038; x_wconf 84' lang='lat' dir='ltr'><strong>Fulgentis</strong></span> <span class='ocrx_word' id='word_1_18' title='bbox 470 951 590 1028; x_wconf 88' lang='lat' dir='ltr'><strong>oculos,</strong></span> <span class='ocrx_word' id='word_1_19' title='bbox 615 962 647 1015; x_wconf 92' lang='lat' dir='ltr'><strong>et</strong></span> <span class='ocrx_word' id='word_1_20' title='bbox 669 951 750 1014; x_wconf 87' lang='lat' dir='ltr'><strong>bene</strong></span> <span class='ocrx_word' id='word_1_21' title='bbox 772 948 894 1015; x_wconf 89' lang='lat' dir='ltr'><strong>mutuis</strong></span> 
     </span>
     <span class='ocr_line' id='line_1_5' title="bbox 279 1083 781 1170; baseline -0.004 -23"><span class='ocrx_word' id='word_1_22' title='bbox 279 1107 286 1115; x_wconf 73' lang='grc'><strong>’</strong></span> <span class='ocrx_word' id='word_1_23' title='bbox 323 1083 445 1149; x_wconf 87' lang='lat' dir='ltr'><strong>Fidum</strong></span> <span class='ocrx_word' id='word_1_24' title='bbox 465 1095 579 1170; x_wconf 86' lang='lat' dir='ltr'><strong>pectus</strong></span> <span class='ocrx_word' id='word_1_25' title='bbox 602 1083 781 1148; x_wconf 88' lang='lat' dir='ltr'><strong>amoribus:</strong></span> 
     </span>
     <span class='ocr_line' id='line_1_6' title="bbox 279 1214 1097 1302; baseline -0.002 -22"><span class='ocrx_word' id='word_1_26' title='bbox 279 1219 383 1295; x_wconf 83' lang='lat' dir='ltr'><strong>Quam</strong></span> <span class='ocrx_word' id='word_1_27' title='bbox 406 1239 464 1280; x_wconf 90' lang='lat' dir='ltr'><strong>nec</strong></span> <span class='ocrx_word' id='word_1_28' title='bbox 487 1216 570 1279; x_wconf 87' lang='lat' dir='ltr'><strong>ferre</strong></span> <span class='ocrx_word' id='word_1_29' title='bbox 592 1215 705 1302; x_wconf 88' lang='lat' dir='ltr'><strong>pedem</strong></span> <span class='ocrx_word' id='word_1_30' title='bbox 729 1214 877 1280; x_wconf 87' lang='lat' dir='ltr'><strong>dedecuit</strong></span> <span class='ocrx_word' id='word_1_31' title='bbox 901 1214 1015 1291; x_wconf 89' lang='lat' dir='ltr'><strong>choris,</strong></span> <span class='ocrx_word' id='word_1_32' title='bbox 1095 1242 1097 1247; x_wconf 95' lang='lat'>·</span> 
     </span>
     <span class='ocr_line' id='line_1_7' title="bbox 279 1347 927 1435; baseline -0.002 -23"><span class='ocrx_word' id='word_1_33' title='bbox 279 1349 347 1413; x_wconf 89' lang='lat' dir='ltr'><strong>Nec</strong></span> <span class='ocrx_word' id='word_1_34' title='bbox 369 1361 490 1412; x_wconf 84' lang='lat' dir='ltr'><strong>certare</strong></span> <span class='ocrx_word' id='word_1_35' title='bbox 507 1348 593 1435; x_wconf 87' lang='lat' dir='ltr'><strong>joco,</strong></span> <span class='ocrx_word' id='word_1_36' title='bbox 617 1370 675 1411; x_wconf 88' lang='lat' dir='ltr'><strong>nec</strong></span> <span class='ocrx_word' id='word_1_37' title='bbox 698 1347 774 1412; x_wconf 88' lang='lat' dir='ltr'><strong>dare</strong></span> <span class='ocrx_word' id='word_1_38' title='bbox 796 1347 927 1413; x_wconf 84' lang='lat' dir='ltr'><strong>brachia</strong></span> 
     </span>
     <span class='ocr_line' id='line_1_8' title="bbox 280 1479 923 1567; baseline 0 -24"><span class='ocrx_word' id='word_1_39' title='bbox 280 1480 462 1545; x_wconf 87' lang='lat' dir='ltr'><strong>Ludentem</strong></span> <span class='ocrx_word' id='word_1_40' title='bbox 485 1479 595 1543; x_wconf 85' lang='lat' dir='ltr'><strong>nitidis</strong></span> <span class='ocrx_word' id='word_1_41' title='bbox 618 1479 809 1567; x_wconf 86' lang='lat' dir='ltr'><strong>virginibus,</strong></span> <span class='ocrx_word' id='word_1_42' title='bbox 835 1503 923 1545; x_wconf 86' lang='lat' dir='ltr'><strong>sacro</strong></span> 
     </span>
    </p>

    <p class='ocr_par' dir='ltr' id='par_1_4' title="bbox 218 1610 1007 1830">
     <span class='ocr_line' id='line_1_9' title="bbox 218 1610 677 1677; baseline 0 -4"><span class='ocrx_word' id='word_1_43' title='bbox 218 1623 256 1673; x_wconf 70' lang='lat'><strong>20</strong></span> <span class='ocrx_word' id='word_1_44' title='bbox 324 1613 438 1677; x_wconf 87' lang='lat' dir='ltr'><strong>Dianae</strong></span> <span class='ocrx_word' id='word_1_45' title='bbox 462 1611 594 1676; x_wconf 85' lang='lat' dir='ltr'><strong>celebris</strong></span> <span class='ocrx_word' id='word_1_46' title='bbox 617 1610 677 1675; x_wconf 92' lang='lat' dir='ltr'><strong>die.</strong></span> 
     </span>
     <span class='ocr_line' id='line_1_10' title="bbox 279 1742 1007 1830; baseline -0.001 -22"><span class='ocrx_word' id='word_1_47' title='bbox 279 1746 368 1808; x_wconf 93' lang='lat' dir='ltr'><strong>Num</strong></span> <span class='ocrx_word' id='word_1_48' title='bbox 393 1755 440 1821; x_wconf 91' lang='lat' dir='ltr'><strong>tu,</strong></span> <span class='ocrx_word' id='word_1_49' title='bbox 465 1766 539 1830; x_wconf 88' lang='lat' dir='ltr'><strong>quae</strong></span> <span class='ocrx_word' id='word_1_50' title='bbox 562 1744 667 1807; x_wconf 87' lang='lat' dir='ltr'><strong>tenuit</strong></span> <span class='ocrx_word' id='word_1_51' title='bbox 690 1743 779 1807; x_wconf 89' lang='lat' dir='ltr'><strong>dives</strong></span> <span class='ocrx_word' id='word_1_52' title='bbox 802 1742 1007 1807; x_wconf 82' lang='lat' dir='ltr'><strong>Achaemenes</strong></span> 
     </span>
    </p>
   </div>
   <div class='ocr_carea' id='block_1_3' title="bbox 279 1876 994 1975">
    <p class='ocr_par' dir='ltr' id='par_1_5' title="bbox 279 1876 994 1975">
     <span class='ocr_line' id='line_1_11' title="bbox 279 1876 994 1975; baseline -0.004 -33"><span class='ocrx_word' id='word_1_53' title='bbox 279 1880 346 1942; x_wconf 87' lang='lat' dir='ltr'><strong>Aut</strong></span> <span class='ocrx_word' id='word_1_54' title='bbox 368 1877 499 1965; x_wconf 83' lang='lat' dir='ltr'><strong>pinguis</strong></span> <span class='ocrx_word' id='word_1_55' title='bbox 522 1876 675 1963; x_wconf 86' lang='lat' dir='ltr'><strong>thygiae</strong></span> <span class='ocrx_word' id='word_1_56' title='bbox 699 1876 896 1975; x_wconf 81' lang='lat' dir='ltr'><strong>Mygdonias</strong></span> <span class='ocrx_word' id='word_1_57' title='bbox 919 1898 994 1963; x_wconf 89' lang='lat' dir='ltr'><strong>opes</strong></span> 
     </span>
    </p>
   </div>
   <div class='ocr_carea' id='block_1_4' title="bbox 173 2005 892 2097">
    <p class='ocr_par' dir='ltr' id='par_1_6' title="bbox 173 2005 892 2097">
     <span class='ocr_line' id='line_1_12' title="bbox 173 2005 892 2097; baseline -0.003 -23"><span class='ocrx_word' id='word_1_58' title='bbox 173 2005 181 2011; x_wconf 68' lang='grc'><strong>’</strong></span> <span class='ocrx_word' id='word_1_59' title='bbox 281 2012 468 2074; x_wconf 78' lang='lat' dir='ltr'><strong>Permutare</strong></span> <span class='ocrx_word' id='word_1_60' title='bbox 491 2008 569 2072; x_wconf 89' lang='lat' dir='ltr'><strong>velis</strong></span> <span class='ocrx_word' id='word_1_61' title='bbox 592 2009 678 2073; x_wconf 86' lang='lat' dir='ltr'><strong>crine</strong></span> <span class='ocrx_word' id='word_1_62' title='bbox 702 2008 892 2097; x_wconf 72' lang='lat' dir='ltr'><strong>Licymnia,</strong></span> 
     </span>
    </p>
   </div>
   <div class='ocr_carea' id='block_1_5' title="bbox 210 2141 949 2764">
    <p class='ocr_par' dir='ltr' id='par_1_7' title="bbox 325 2141 844 2207">
     <span class='ocr_line' id='line_1_13' title="bbox 325 2141 844 2207; baseline -0.008 0"><span class='ocrx_word' id='word_1_63' title='bbox 325 2143 440 2207; x_wconf 86' lang='lat' dir='ltr'><strong>Plenas</strong></span> <span class='ocrx_word' id='word_1_64' title='bbox 464 2152 520 2206; x_wconf 86' lang='lat' dir='ltr'><strong>aut</strong></span> <span class='ocrx_word' id='word_1_65' title='bbox 544 2143 688 2206; x_wconf 86' lang='lat' dir='ltr'><strong>Arabum</strong></span> <span class='ocrx_word' id='word_1_66' title='bbox 710 2141 844 2205; x_wconf 90' lang='lat' dir='ltr'><strong>domos?</strong></span> 
     </span>
    </p>

    <p class='ocr_par' dir='ltr' id='par_1_8' title="bbox 210 2273 949 2628">
     <span class='ocr_line' id='line_1_14' title="bbox 210 2273 949 2363; baseline -0.004 -25"><span class='ocrx_word' id='word_1_67' title='bbox 210 2285 253 2342; x_wconf 79' lang='lat'><strong>25</strong></span> <span class='ocrx_word' id='word_1_68' title='bbox 279 2279 369 2341; x_wconf 91' lang='lat' dir='ltr'><strong>Dum</strong></span> <span class='ocrx_word' id='word_1_69' title='bbox 391 2275 560 2363; x_wconf 83' lang='lat' dir='ltr'><strong>flagrantia</strong></span> <span class='ocrx_word' id='word_1_70' title='bbox 582 2275 753 2360; x_wconf 88' lang='lat' dir='ltr'><strong>detorquet</strong></span> <span class='ocrx_word' id='word_1_71' title='bbox 776 2273 817 2338; x_wconf 92' lang='lat' dir='ltr'><strong>ad</strong></span> <span class='ocrx_word' id='word_1_72' title='bbox 840 2273 949 2341; x_wconf 87' lang='lat' dir='ltr'><strong>oscula</strong></span> 
     </span>
     <span class='ocr_line' id='line_1_15' title="bbox 282 2406 934 2494; baseline -0.003 -22"><span class='ocrx_word' id='word_1_73' title='bbox 282 2408 465 2482; x_wconf 76' lang='lat' dir='ltr'><strong>Cervicem3</strong></span> <span class='ocrx_word' id='word_1_74' title='bbox 491 2418 547 2472; x_wconf 86' lang='lat' dir='ltr'><strong>aut</strong></span> <span class='ocrx_word' id='word_1_75' title='bbox 570 2406 657 2472; x_wconf 87' lang='lat' dir='ltr'><strong>facili</strong></span> <span class='ocrx_word' id='word_1_76' title='bbox 680 2406 803 2472; x_wconf 85' lang='lat' dir='ltr'><strong>saevitia</strong></span> <span class='ocrx_word' id='word_1_77' title='bbox 825 2416 934 2494; x_wconf 85' lang='lat' dir='ltr'><strong>negat,</strong></span> 
     </span>
     <span class='ocr_line' id='line_1_16' title="bbox 281 2538 947 2628; baseline -0.003 -24"><span class='ocrx_word' id='word_1_78' title='bbox 281 2543 361 2619; x_wconf 81' lang='lat' dir='ltr'><strong>Quae</strong></span> <span class='ocrx_word' id='word_1_79' title='bbox 384 2550 533 2627; x_wconf 85' lang='lat' dir='ltr'><strong>poscente</strong></span> <span class='ocrx_word' id='word_1_80' title='bbox 556 2540 658 2628; x_wconf 87' lang='lat' dir='ltr'><strong>magis</strong></span> <span class='ocrx_word' id='word_1_81' title='bbox 680 2539 821 2627; x_wconf 84' lang='lat' dir='ltr'><strong>gaudeat</strong></span> <span class='ocrx_word' id='word_1_82' title='bbox 844 2538 947 2626; x_wconf 85' lang='lat' dir='ltr'><strong>eripi;</strong></span> 
     </span>
    </p>

    <p class='ocr_par' dir='ltr' id='par_1_9' title="bbox 328 2672 799 2764">
     <span class='ocr_line' id='line_1_17' title="bbox 328 2672 799 2764; baseline -0.011 -27"><span class='ocrx_word' id='word_1_83' title='bbox 328 2672 498 2764; x_wconf 86' lang='lat' dir='ltr'><strong>Interdum</strong></span> <span class='ocrx_word' id='word_1_84' title='bbox 520 2693 631 2759; x_wconf 84' lang='lat' dir='ltr'><strong>rapere</strong></span> <span class='ocrx_word' id='word_1_85' title='bbox 653 2680 799 2756; x_wconf 84' lang='lat' dir='ltr'><strong>occupat.</strong></span> 
     </span>
    </p>
   </div>
   <div class='ocr_carea' id='block_1_6' title="bbox 614 3098 736 3172">
    <p class='ocr_par' dir='ltr' id='par_1_10' title="bbox 614 3098 736 3172">
     <span class='ocr_line' id='line_1_18' title="bbox 614 3098 736 3172; baseline -0.008 0"><span class='ocrx_word' id='word_1_86' title='bbox 614 3098 736 3172; x_wconf 92' lang='lat' dir='ltr'><strong>XIII.</strong></span> 
     </span>
    </p>
   </div>
   <div class='ocr_carea' id='block_1_7' title="bbox 240 3315 1013 4215">
    <p class='ocr_par' dir='ltr' id='par_1_11' title="bbox 240 3315 1013 4215">
     <span class='ocr_line' id='line_1_19' title="bbox 282 3315 881 3420; baseline -0.003 -24"><span class='ocrx_word' id='word_1_87' title='bbox 282 3315 416 3411; x_wconf 77' lang='lat' dir='ltr'><strong>Inuum,</strong></span> <span class='ocrx_word' id='word_1_88' title='bbox 440 3336 472 3412; x_wconf 82' lang='lat'><strong>6,</strong></span> <span class='ocrx_word' id='word_1_89' title='bbox 495 3333 619 3398; x_wconf 85' lang='lat' dir='ltr'><strong>nefasto</strong></span> <span class='ocrx_word' id='word_1_90' title='bbox 643 3344 675 3397; x_wconf 90' lang='lat' dir='ltr'><strong>te</strong></span> <span class='ocrx_word' id='word_1_91' title='bbox 697 3331 806 3420; x_wconf 91' lang='lat' dir='ltr'><strong>posuit</strong></span> <span class='ocrx_word' id='word_1_92' title='bbox 828 3329 881 3395; x_wconf 89' lang='lat' dir='ltr'><strong>die</strong></span> 
     </span>
     <span class='ocr_line' id='line_1_20' title="bbox 284 3463 1013 3554; baseline -0.008 -22"><span class='ocrx_word' id='word_1_93' title='bbox 284 3468 488 3553; x_wconf 83' lang='lat' dir='ltr'><strong>Quicumque</strong></span> <span class='ocrx_word' id='word_1_94' title='bbox 509 3467 661 3554; x_wconf 90' lang='lat' dir='ltr'><strong>primum,</strong></span> <span class='ocrx_word' id='word_1_95' title='bbox 684 3477 717 3530; x_wconf 89' lang='lat' dir='ltr'><strong>et</strong></span> <span class='ocrx_word' id='word_1_96' title='bbox 732 3463 894 3549; x_wconf 55' lang='lat' dir='ltr'><strong>&#39;sacrilega</strong></span> <span class='ocrx_word' id='word_1_97' title='bbox 916 3484 1013 3527; x_wconf 91' lang='lat' dir='ltr'><strong>manu</strong></span> 
     </span>
     <span class='ocr_line' id='line_1_21' title="bbox 326 3598 861 3683; baseline -0.007 -20"><span class='ocrx_word' id='word_1_98' title='bbox 326 3598 499 3676; x_wconf 87' lang='lat' dir='ltr'><strong>Produxit,</strong></span> <span class='ocrx_word' id='word_1_99' title='bbox 524 3599 628 3677; x_wconf 87' lang='lat' dir='ltr'><strong>arbos,</strong></span> <span class='ocrx_word' id='word_1_100' title='bbox 651 3598 683 3664; x_wconf 90' lang='lat' dir='ltr'><strong>in</strong></span> <span class='ocrx_word' id='word_1_101' title='bbox 707 3609 861 3683; x_wconf 88' lang='lat' dir='ltr'><strong>nepotum</strong></span> 
     </span>
     <span class='ocr_line' id='line_1_22' title="bbox 372 3728 978 3818; baseline -0.005 -23"><span class='ocrx_word' id='word_1_102' title='bbox 372 3731 563 3809; x_wconf 87' lang='lat' dir='ltr'><strong>Perniciem,</strong></span> <span class='ocrx_word' id='word_1_103' title='bbox 585 3729 861 3818; x_wconf 76' lang='lat' dir='ltr'><strong>opprobriumque</strong></span> <span class='ocrx_word' id='word_1_104' title='bbox 882 3728 978 3816; x_wconf 82' lang='lat' dir='ltr'><strong>pagi;</strong></span> 
     </span>
     <span class='ocr_line' id='line_1_23' title="bbox 240 3861 886 3955; baseline -0.005 -28"><span class='ocrx_word' id='word_1_105' title='bbox 240 3877 256 3927; x_wconf 87' lang='lat'><em>5</em></span> <span class='ocrx_word' id='word_1_106' title='bbox 281 3862 383 3928; x_wconf 95' lang='lat' dir='ltr'><strong>Illum</strong></span> <span class='ocrx_word' id='word_1_107' title='bbox 405 3875 438 3928; x_wconf 90' lang='lat' dir='ltr'><strong>et</strong></span> <span class='ocrx_word' id='word_1_108' title='bbox 459 3862 601 3955; x_wconf 88' lang='lat' dir='ltr'><strong>parentis</strong></span> <span class='ocrx_word' id='word_1_109' title='bbox 624 3861 811 3928; x_wconf 86' lang='lat' dir='ltr'><strong>crediderim</strong></span> <span class='ocrx_word' id='word_1_110' title='bbox 835 3861 886 3926; x_wconf 91' lang='lat' dir='ltr'><strong>sui</strong></span> 
     </span>
     <span class='ocr_line' id='line_1_24' title="bbox 281 3994 871 4084; baseline -0.007 -23"><span class='ocrx_word' id='word_1_111' title='bbox 281 3997 429 4084; x_wconf 84' lang='lat' dir='ltr'><strong>Fregisse</strong></span> <span class='ocrx_word' id='word_1_112' title='bbox 452 3996 617 4072; x_wconf 85' lang='lat' dir='ltr'><strong>cervicem,</strong></span> <span class='ocrx_word' id='word_1_113' title='bbox 641 4005 673 4059; x_wconf 89' lang='lat' dir='ltr'><strong>et</strong></span> <span class='ocrx_word' id='word_1_114' title='bbox 695 3994 871 4082; x_wconf 84' lang='lat' dir='ltr'><strong>penetralia</strong></span> 
     </span>
     <span class='ocr_line' id='line_1_25' title="bbox 329 4129 801 4215; baseline -0.006 -21"><span class='ocrx_word' id='word_1_115' title='bbox 329 4129 487 4215; x_wconf 83' lang='lat' dir='ltr'><strong>Sparsisse</strong></span> <span class='ocrx_word' id='word_1_116' title='bbox 509 4139 666 4196; x_wconf 88' lang='lat' dir='ltr'><strong>nocturno</strong></span> <span class='ocrx_word' id='word_1_117' title='bbox 688 4149 801 4192; x_wconf 84' lang='lat' dir='ltr'><strong>eruore</strong></span> 
     </span>
    </p>
   </div>
   <div class='ocr_carea' id='block_1_8' title="bbox 373 4258 927 4349">
    <p class='ocr_par' dir='ltr' id='par_1_12' title="bbox 373 4258 927 4349">
     <span class='ocr_line' id='line_1_26' title="bbox 373 4258 927 4349; baseline -0.005 -23"><span class='ocrx_word' id='word_1_118' title='bbox 373 4262 539 4349; x_wconf 85' lang='lat' dir='ltr'><strong>Hospitis:</strong></span> <span class='ocrx_word' id='word_1_119' title='bbox 575 4261 628 4325; x_wconf 90' lang='lat' dir='ltr'><strong>ille</strong></span> <span class='ocrx_word' id='word_1_120' title='bbox 652 4282 773 4325; x_wconf 83' lang='lat' dir='ltr'><strong>venena</strong></span> <span class='ocrx_word' id='word_1_121' title='bbox 796 4258 927 4338; x_wconf 89' lang='lat' dir='ltr'><strong>Colcha,</strong></span> 
     </span>
    </p>
   </div>
   <div class='ocr_carea' id='block_1_9' title="bbox 298 4433 1149 4494">
    <p class='ocr_par' dir='ltr' id='par_1_13' title="bbox 298 4433 1149 4494">
     <span class='ocr_line' id='line_1_27' title="bbox 298 4433 1149 4494; baseline -0.005 -11"><span class='ocrx_word' id='word_1_122' title='bbox 298 4454 322 4484; x_wconf 88' lang='lat' dir='ltr'><strong>v.</strong></span> <span class='ocrx_word' id='word_1_123' title='bbox 332 4437 370 4483; x_wconf 75' lang='lat'><strong>28.</strong></span> <span class='ocrx_word' id='word_1_124' title='bbox 388 4438 409 4485; x_wconf 84' lang='lat' dir='ltr'>V</span> <span class='ocrx_word' id='word_1_125' title='bbox 412 4437 461 4494; x_wconf 80' lang='lat' dir='ltr'><strong>ulg.</strong></span> <span class='ocrx_word' id='word_1_126' title='bbox 477 4437 601 4484; x_wconf 70' lang='lat' dir='ltr'><strong>Occursu</strong></span> <span class='ocrx_word' id='word_1_127' title='bbox 690 4437 712 4483; x_wconf 88' lang='lat'><strong>1.</strong></span> <span class='ocrx_word' id='word_1_128' title='bbox 728 4434 789 4483; x_wconf 77' lang='lat' dir='ltr'><strong>lats</strong></span> <span class='ocrx_word' id='word_1_129' title='bbox 799 4450 828 4482; x_wconf 77' lang='lat' dir='ltr'><strong>nr</strong></span> <span class='ocrx_word' id='word_1_130' title='bbox 838 4434 886 4485; x_wconf 77' lang='lat' dir='ltr'><strong>nei·</strong></span> <span class='ocrx_word' id='word_1_131' title='bbox 974 4435 996 4481; x_wconf 88' lang='lat'><strong>8.</strong></span> <span class='ocrx_word' id='word_1_132' title='bbox 1013 4433 1149 4480; x_wconf 76' lang='lat' dir='ltr'><strong>Coucrncr.</strong></span> 
     </span>
    </p>
   </div>
   <div class='ocr_carea' id='block_1_10' title="bbox 0 0 1426 5130">
    <p class='ocr_par' dir='ltr' id='par_1_14' title="bbox 0 0 1426 5130">
     <span class='ocr_line' id='line_1_28' title="bbox 0 0 1426 5130; baseline 0 0"><span class='ocrx_word' id='word_1_133' title='bbox 0 0 1426 5130; x_wconf 95' lang='lat' dir='ltr'><strong> </strong></span> 
     </span>
    </p>
   </div>
  </div>
 </body>
</html>
