2828 5122
489 494 603 559 *ARS
635 494 852 560 POETICA.
1213 494 1281 558 305

177 680 422 780 Mobilibusque
444 690 551 771 decor,
575 693 710 758 maturis
733 692 859 758 dandus
882 702 914 756 et
937 693 1038 757 annis.

177 824 326 889 Reddere
349 825 407 911 qui
430 848 522 889 voces
538 825 610 912 ‘jam
634 825 693 890 scit
716 848 810 913 puer,
833 836 866 889 et
888 824 971 912 pffle
993 834 1081 890 certo

177 954 290 1043 Signat
313 955 469 1030 humum,
494 956 592 1043 gestit
615 950 748 1043 paribus
771 955 945 1034 colludere,
967 967 1001 1021 et
1024 955 1105 1021 iram

112 1093 150 1153 60
174 1089 309 1177 Colligit
332 1112 369 1154 ac
391 1088 483 1177 ponit
506 1103 635 1168 temere,
659 1102 692 1154 et
715 1101 862 1155 mutatur
881 1089 917 1155 in
941 1090 1045 1156 boras.
1166 1086 1178 1106 ⁸

177 1222 337 1288 Inberbus
356 1223 498 1310 juvenis,
522 1224 653 1289 tandem
675 1218 808 1288 custode
830 1235 964 1301 remoto,

176 1355 308 1420 Gaudet
331 1354 423 1442 equis
445 1355 645 1442 canibusque
667 1367 699 1421 et
722 1357 823 1444 aprici
845 1357 990 1444 gramine
1012 1358 1136 1445 campi3

177 1490 298 1554 Cereus
320 1490 354 1553 in
377 1490 494 1554 vitium
516 1488 614 1568 flecti,
638 1490 852 1556 monitoribus
875 1513 979 1580 asper,

176 1622 317 1688 Utilium
341 1623 454 1688 tardus
476 1623 634 1711 provisor,
656 1624 815 1712 prodigus
838 1624 920 1703 aeris,

113 1760 150 1822 65
177 1757 342 1835 Sublimis,
366 1758 580 1846 cupidusque,
605 1770 637 1823 et
660 1769 766 1823 amata
788 1758 969 1846 relinquere
990 1758 1114 1846 pernix.

176 1868 347 1955 Conuersis
371 1889 497 1969 studiis,
522 1901 600 1956 oetas
623 1890 813 1979 animusque
836 1890 938 1956 virilis

176 2023 301 2100 Quaerit
324 2046 400 2110 opes
423 2035 456 2088 et
479 2023 645 2102 amicitias,
669 2023 802 2088 inservit
825 2023 960 2109 boqori;

177 2155 370 2220 conmisisse
393 2168 484 2221 cavet
508 2156 597 2243 quod
620 2179 695 2221 mox
718 2168 844 2223 mutare
865 2157 999 2223 laboret.

176 2288 289 2353 Multa
312 2312 416 2354 senem
439 2290 695 2379 circumveniunt
717 2288 938 2366 incommodar
962 2291 1014 2356 vel
1037 2288 1152 2379 quod·

114 2434 152 2494 70
175 2423 312 2503 Quaerit,
336 2435 368 2488 et
387 2424 529 2490 inventis
552 2426 648 2489 miser
670 2425 821 2506 abstinet,
846 2450 883 2491 ac
906 2427 998 2491 timet
1020 2425 1090 2501 uti3

176 2556 237 2622 Vel
261 2557 349 2644 quod
373 2581 423 2622 res
446 2559 549 2624 omnis
572 2558 684 2622 timide
706 2559 878 2646 gelideque
900 2560 1071 2639 ministrat,

178 2689 319 2768 Dilator,
343 2713 399 2778 spe
422 2691 540 2767 lentus,
563 2690 660 2767 inere,
683 2690 888 2778 pavidusque
910 2690 1036 2765 futuris

179 2821 338 2902 Difficilis,
364 2823 532 2909 querulus,
555 2821 706 2887 laudator
729 2821 883 2910 temporis
905 2823 969 2887 acti

178 2956 219 3020 Se
241 2979 354 3044 puero,
379 2956 552 3044 castigator
575 2978 750 3043 censorque
772 2957 942 3020 minorum.

113 3100 150 3159 75
176 3075 289 3153 Multa
310 3089 420 3155 ferunt
444 3091 520 3155 anni
545 3089 706 3159 venientes
729 3088 896 3154 commoda
918 3111 1037 3167 secum,
1106 3111 1109 3116 ·

176 3221 289 3307 Multa
311 3223 495 3288 recedentes
518 3223 684 3289 adimunt:
709 3246 750 3288 ne
772 3223 856 3288 forte
880 3221 993 3287 seniles
1098 3271 1101 3277 .

148 3402 152 3409 .
177 3354 378 3419 Mandentur
397 3355 511 3444 Juveni
533 3367 652 3444 partes,
676 3376 843 3444 pueroque
865 3353 983 3418 viriles.

180 3486 311 3575 Semper
334 3488 368 3552 in
390 3478 564 3576 adjrinctis,
589 3511 723 3574 oevoque
746 3486 944 3552 morabimur
966 3485 1059 3574 aptis.

177 3619 245 3684 Aut
268 3619 377 3708 agitur
400 3622 506 3687 resin
529 3620 642 3699 scenis,
666 3633 724 3686 aut
747 3632 820 3686 acta
841 3620 999 3686 refertur:

111 3762 150 3814 80
175 3751 313 3839 Segnius
335 3753 471 3841 inritant
485 3744 617 3819 'animoa
640 3753 777 3819 demissa
798 3776 857 3840 per
881 3774 1002 3829 aurem,

178 3886 284 3963 Quam
307 3911 382 3974 quae
406 3899 482 3953 sunt
504 3888 607 3953 oculis
630 3887 775 3976 subjecta
795 3885 958 3963 fidelibus,
982 3894 1015 3949 et
1038 3905 1113 3971 quae

179 4021 255 4108 Ipse
279 4021 340 4087 sibi
365 4023 464 4087 tradit
488 4033 656 4112 spectator.
682 4044 747 4087 non
770 4031 877 4086 tamen
900 4018 989 4083 intus

177 4154 288 4242 Digna
310 4156 378 4244 geri
400 4178 529 4244 promes
550 4157 585 4220 in
609 4176 752 4219 scenam:
776 4153 946 4238 multaque
968 4149 1066 4221 tollet
1158 4128 1164 4141 ι

177 4288 232 4353 Ex
255 4288 369 4368 oculis,
394 4312 468 4376 quae
492 4311 566 4352 mox
591 4296 698 4357 narret
721 4284 874 4350 facundia
896 4305 1055 4401 praesens:

219 4475 242 4506 v.
254 4461 306 4508 157.
323 4461 398 4519 Vulg.
415 4461 496 4510 Decor
510 4475 626 4507 narrum.
745 4457 797 4505 172.
813 4457 861 4504 Sru
872 4470 978 4517 nonnus,
994 4455 1151 4508 Avrnnscua

666 4560 698 4621 U
