2828 5122
460 487 732 552 CARMINUM
764 487 843 551 Lm.
861 487 889 550 1.

260 688 413 774 AEquor?
444 708 508 750 non
532 685 591 751 tibi
616 699 691 750 sunt
713 686 841 774 integra
862 685 980 758 lintea;
1093 729 1097 736 -

201 833 236 884 10
259 821 335 884 Non
359 820 416 896 Di,
440 842 522 906 quos
544 819 662 883 iterum
685 841 796 907 pressa
818 841 910 884 voces
932 817 1026 882 malo.

305 952 460 1030 Quamvis
483 950 620 1016 Pontica
642 951 750 1039 pinus,

233 1096 239 1108 “
351 1084 448 1148 Silvae
470 1082 537 1148 filia
558 1083 686 1160 nobilis,

260 1217 370 1281 Jactes
393 1202 551 1302 et'genus
574 1225 606 1279 et
629 1220 744 1279 nomen
767 1215 900 1280 inutile:

260 1349 317 1413 Nil
339 1347 435 1435 pictis
459 1346 593 1412 timidus
616 1347 725 1413 navita
748 1347 914 1435 puppibus
994 1362 998 1373 '

202 1493 236 1544 15
297 1462 407 1544 uidit.
432 1490 481 1557 tu,
505 1479 568 1547 nisi
590 1479 696 1548 uentis

349 1611 457 1679 Debes
480 1609 670 1689 ludibrium,
695 1634 780 1676 cave.

259 1745 374 1831 Nuper
399 1743 570 1808 sollicitum
594 1768 669 1831 quae
692 1744 771 1811 mihi
795 1743 940 1821 taedium,

261 1875 357 1957 Nunc
380 1873 585 1954 desiderium,
610 1898 753 1962 curaque
775 1850 840 1940 non
863 1874 954 1952 levis,

307 2007 473 2072 Interfusa
494 2009 626 2074 nitentis

352 2141 441 2206 Vites
463 2165 595 2228 aequora
619 2143 787 2231 Cycladas.

301 2778 411 2826 NEREI
437 2778 654 2830 VATICINIUM
680 2779 727 2827 DE
753 2777 900 2828 EXCIDIO
925 2779 1056 2828 TROJAE.

264 2937 415 3019 Pasron
439 2978 512 3018 cum
537 2949 678 3021 traheret
701 2978 759 3043 per
782 2956 866 3020 freta
888 2955 1025 3021 navibus

264 3088 361 3154 Idaeis
386 3089 533 3153 Helenen
556 3087 701 3176 perfidus
723 3089 905 3176 hospitam3

264 3223 400 3312 Ingrato
423 3221 533 3286 celeris
555 3221 666 3286 obruit
689 3222 756 3286 otio

309 3357 441 3432 Ventos,
466 3367 503 3420 ut
527 3367 653 3421 caneret
676 3355 745 3419 fera

219 3501 237 3553 5
263 3490 387 3553 Nereus
409 3488 485 3553 fata.
535 3489 627 3553 Mala
649 3489 741 3553 ducis
764 3489 815 3553 avi
840 3488 983 3565 domum,

264 3624 367 3700 Quam
391 3623 495 3686 multo
518 3634 641 3709 repetet
665 3623 794 3688 Graecia
816 3623 928 3701 milite,

266 3755 445 3842 Conjurata
467 3766 540 3819 tuas
563 3777 713 3842 rumpere
735 3756 877 3842 nuptias,

309 3888 356 3952 Et
379 3909 515 3974 regnum
540 3887 661 3951 Priami
685 3901 787 3953 vetus.

263 4020 370 4098 Eheu,
395 4031 538 4106 quantus
561 4021 664 4106 equis,
688 4033 830 4107 quantus
853 4021 943 4086 adest
966 4022 1044 4085 viris

204 4167 242 4218 10
266 4153 391 4218 Sudor!
424 4164 547 4240 quanta
569 4177 677 4252 mones
700 4153 815 4218 funera
839 4153 1000 4220 Dardanae

266 4280 383 4352 Genti!
405 4289 474 4375 jam
497 4287 621 4374 galeam
646 4287 754 4350 Pallas
777 4303 809 4352 et
832 4289 937 4376 aegida

312 4424 502 4508 Currusque
526 4431 558 4485 et
582 4421 702 4487 rabiem
726 4433 827 4508 parat.
