<?xml version="1.0" encoding="UTF-8"?>
<!DOCTYPE html PUBLIC "-//W3C//DTD XHTML 1.0 Transitional//EN"
    "http://www.w3.org/TR/xhtml1/DTD/xhtml1-transitional.dtd">
<html xmlns="http://www.w3.org/1999/xhtml" xml:lang="en" lang="en">
 <head>
  <title>
</title>
<meta http-equiv="Content-Type" content="text/html;charset=utf-8" />
  <meta name='ocr-system' content='tesseract 3.04.00' />
  <meta name='ocr-capabilities' content='ocr_page ocr_carea ocr_par ocr_line ocrx_word'/>
</head>
<body>
  <div class='ocr_page' id='page_1' title='image "./horatiusrestitu00flacgoog_0396.png"; bbox 0 0 2844 5130; ppageno 0'>
   <div class='ocr_carea' id='block_1_1' title="bbox 137 395 973 472">
    <p class='ocr_par' dir='ltr' id='par_1_1' title="bbox 137 395 973 472">
     <span class='ocr_line' id='line_1_1' title="bbox 137 395 973 472; baseline 0.004 -17"><span class='ocrx_word' id='word_1_1' title='bbox 137 396 203 458; x_wconf 75' lang='lat'>282</span> <span class='ocrx_word' id='word_1_2' title='bbox 488 396 526 472; x_wconf 78' lang='lat' dir='ltr'>Q.</span> <span class='ocrx_word' id='word_1_3' title='bbox 552 395 763 460; x_wconf 89' lang='lat' dir='ltr'><strong>HORATII</strong></span> <span class='ocrx_word' id='word_1_4' title='bbox 797 395 973 460; x_wconf 82' lang='lat' dir='ltr'><strong>FLACCI</strong></span> 
     </span>
    </p>
   </div>
   <div class='ocr_carea' id='block_1_2' title="bbox 229 592 1128 816">
    <p class='ocr_par' dir='ltr' id='par_1_2' title="bbox 229 592 1128 816">
     <span class='ocr_line' id='line_1_2' title="bbox 229 592 1033 672; baseline 0.002 -17"><span class='ocrx_word' id='word_1_5' title='bbox 229 592 285 656; x_wconf 89' lang='lat' dir='ltr'>Nil</span> <span class='ocrx_word' id='word_1_6' title='bbox 307 592 466 657; x_wconf 88' lang='lat' dir='ltr'>oriturum</span> <span class='ocrx_word' id='word_1_7' title='bbox 490 593 578 672; x_wconf 91' lang='lat' dir='ltr'>alias,</span> <span class='ocrx_word' id='word_1_8' title='bbox 603 594 648 658; x_wconf 90' lang='lat' dir='ltr'>nil</span> <span class='ocrx_word' id='word_1_9' title='bbox 671 605 778 658; x_wconf 92' lang='lat' dir='ltr'>ortum</span> <span class='ocrx_word' id='word_1_10' title='bbox 802 595 866 658; x_wconf 91' lang='lat' dir='ltr'>tale</span> <span class='ocrx_word' id='word_1_11' title='bbox 888 595 1033 660; x_wconf 87' lang='lat' dir='ltr'>fatentes.</span> 
     </span>
     <span class='ocr_line' id='line_1_3' title="bbox 229 724 1128 816; baseline 0.003 -27"><span class='ocrx_word' id='word_1_12' title='bbox 229 725 289 789; x_wconf 84' lang='lat' dir='ltr'>Sed</span> <span class='ocrx_word' id='word_1_13' title='bbox 315 736 391 790; x_wconf 90' lang='lat' dir='ltr'>tuus</span> <span class='ocrx_word' id='word_1_14' title='bbox 413 724 474 789; x_wconf 89' lang='lat' dir='ltr'>hoc</span> <span class='ocrx_word' id='word_1_15' title='bbox 496 727 638 813; x_wconf 89' lang='lat' dir='ltr'>populus</span> <span class='ocrx_word' id='word_1_16' title='bbox 661 728 785 814; x_wconf 88' lang='lat' dir='ltr'>sapiens</span> <span class='ocrx_word' id='word_1_17' title='bbox 808 737 840 791; x_wconf 91' lang='lat' dir='ltr'>et</span> <span class='ocrx_word' id='word_1_18' title='bbox 859 729 970 816; x_wconf 90' lang='lat' dir='ltr'>justus</span> <span class='ocrx_word' id='word_1_19' title='bbox 992 727 1025 792; x_wconf 89' lang='lat' dir='ltr'>in</span> <span class='ocrx_word' id='word_1_20' title='bbox 1050 749 1128 806; x_wconf 91' lang='lat' dir='ltr'>uno,</span> 
     </span>
    </p>
   </div>
   <div class='ocr_carea' id='block_1_3' title="bbox 229 858 1016 938">
    <p class='ocr_par' dir='ltr' id='par_1_3' title="bbox 229 858 1016 938">
     <span class='ocr_line' id='line_1_4' title="bbox 229 858 1016 938; baseline 0.003 -16"><span class='ocrx_word' id='word_1_21' title='bbox 229 859 279 923; x_wconf 88' lang='lat' dir='ltr'>Te</span> <span class='ocrx_word' id='word_1_22' title='bbox 301 859 418 923; x_wconf 91' lang='lat' dir='ltr'>nostris</span> <span class='ocrx_word' id='word_1_23' title='bbox 440 858 589 937; x_wconf 91' lang='lat' dir='ltr'>ducibus,</span> <span class='ocrx_word' id='word_1_24' title='bbox 613 871 645 925; x_wconf 90' lang='lat' dir='ltr'>te</span> <span class='ocrx_word' id='word_1_25' title='bbox 670 860 777 925; x_wconf 83' lang='lat' dir='ltr'>Graiis</span> <span class='ocrx_word' id='word_1_26' title='bbox 800 860 1016 938; x_wconf 89' lang='lat' dir='ltr'>anteferendo,</span> 
     </span>
    </p>
   </div>
   <div class='ocr_carea' id='block_1_4' title="bbox 166 992 1016 1080">
    <p class='ocr_par' dir='ltr' id='par_1_4' title="bbox 166 992 1016 1080">
     <span class='ocr_line' id='line_1_5' title="bbox 166 992 1016 1080; baseline 0.004 -25"><span class='ocrx_word' id='word_1_27' title='bbox 166 1005 204 1055; x_wconf 71' lang='lat'>20</span> <span class='ocrx_word' id='word_1_28' title='bbox 229 993 344 1056; x_wconf 83' lang='lat' dir='ltr'>Cetera</span> <span class='ocrx_word' id='word_1_29' title='bbox 366 1015 570 1080; x_wconf 85' lang='lat' dir='ltr'><strong>nequaquam</strong></span> <span class='ocrx_word' id='word_1_30' title='bbox 594 992 689 1057; x_wconf 88' lang='lat' dir='ltr'>simili</span> <span class='ocrx_word' id='word_1_31' title='bbox 712 993 835 1058; x_wconf 91' lang='lat' dir='ltr'>ratione</span> <span class='ocrx_word' id='word_1_32' title='bbox 857 993 1016 1080; x_wconf 87' lang='lat' dir='ltr'>modoque</span> 
     </span>
    </p>
   </div>
   <div class='ocr_carea' id='block_1_5' title="bbox 149 1125 1237 4016">
    <p class='ocr_par' dir='ltr' id='par_1_5' title="bbox 227 1125 1146 1613">
     <span class='ocr_line' id='line_1_6' title="bbox 228 1125 1053 1215; baseline 0.004 -27"><span class='ocrx_word' id='word_1_33' title='bbox 228 1125 401 1198; x_wconf 84' lang='lat' dir='ltr'>AEstimat;</span> <span class='ocrx_word' id='word_1_34' title='bbox 427 1138 458 1189; x_wconf 91' lang='lat' dir='ltr'>et</span> <span class='ocrx_word' id='word_1_35' title='bbox 482 1125 541 1190; x_wconf 87' lang='lat' dir='ltr'>nisi</span> <span class='ocrx_word' id='word_1_36' title='bbox 565 1149 638 1212; x_wconf 85' lang='lat' dir='ltr'>quoe</span> <span class='ocrx_word' id='word_1_37' title='bbox 662 1126 755 1191; x_wconf 88' lang='lat' dir='ltr'>terris</span> <span class='ocrx_word' id='word_1_38' title='bbox 780 1138 899 1191; x_wconf 90' lang='lat' dir='ltr'>semota</span> <span class='ocrx_word' id='word_1_39' title='bbox 923 1127 1053 1215; x_wconf 89' lang='lat' dir='ltr'>suisque</span> 
     </span>
     <span class='ocr_line' id='line_1_7' title="bbox 229 1259 1056 1347; baseline 0.004 -26"><span class='ocrx_word' id='word_1_40' title='bbox 229 1259 445 1347; x_wconf 88' lang='lat' dir='ltr'>Temporibus</span> <span class='ocrx_word' id='word_1_41' title='bbox 468 1259 619 1324; x_wconf 78' lang='lat' dir='ltr'>defuncta</span> <span class='ocrx_word' id='word_1_42' title='bbox 642 1259 741 1337; x_wconf 88' lang='lat' dir='ltr'>videt,</span> <span class='ocrx_word' id='word_1_43' title='bbox 766 1259 890 1325; x_wconf 79' lang='lat' dir='ltr'>fastidit</span> <span class='ocrx_word' id='word_1_44' title='bbox 914 1272 946 1324; x_wconf 92' lang='lat' dir='ltr'>et</span> <span class='ocrx_word' id='word_1_45' title='bbox 969 1259 1056 1325; x_wconf 88' lang='lat' dir='ltr'>odit:</span> 
     </span>
     <span class='ocr_line' id='line_1_8' title="bbox 227 1391 1146 1479; baseline -0.003 -20"><span class='ocrx_word' id='word_1_46' title='bbox 227 1395 279 1459; x_wconf 85' lang='lat' dir='ltr'>Sic</span> <span class='ocrx_word' id='word_1_47' title='bbox 301 1393 410 1458; x_wconf 84' lang='lat' dir='ltr'><strong>fautor</strong></span> <span class='ocrx_word' id='word_1_48' title='bbox 432 1404 588 1471; x_wconf 87' lang='lat' dir='ltr'>veterum,</span> <span class='ocrx_word' id='word_1_49' title='bbox 613 1402 650 1456; x_wconf 90' lang='lat' dir='ltr'>ut</span> <span class='ocrx_word' id='word_1_50' title='bbox 675 1392 820 1456; x_wconf 89' lang='lat' dir='ltr'><strong>Tabulas</strong></span> <span class='ocrx_word' id='word_1_51' title='bbox 843 1415 973 1479; x_wconf 90' lang='lat' dir='ltr'>peccare</span> <span class='ocrx_word' id='word_1_52' title='bbox 996 1391 1146 1471; x_wconf 87' lang='lat' dir='ltr'>vetantis,</span> 
     </span>
     <span class='ocr_line' id='line_1_9' title="bbox 227 1525 1146 1613; baseline -0.003 -22"><span class='ocrx_word' id='word_1_53' title='bbox 227 1530 314 1606; x_wconf 84' lang='lat' dir='ltr'>Quas</span> <span class='ocrx_word' id='word_1_54' title='bbox 336 1526 387 1590; x_wconf 89' lang='lat' dir='ltr'>bis</span> <span class='ocrx_word' id='word_1_55' title='bbox 410 1526 554 1613; x_wconf 90' lang='lat' dir='ltr'>quinque</span> <span class='ocrx_word' id='word_1_56' title='bbox 577 1525 638 1590; x_wconf 90' lang='lat' dir='ltr'>viri</span> <span class='ocrx_word' id='word_1_57' title='bbox 662 1537 847 1604; x_wconf 89' lang='lat' dir='ltr'>sanxerunt,</span> <span class='ocrx_word' id='word_1_58' title='bbox 872 1525 1009 1591; x_wconf 87' lang='lat' dir='ltr'>Foedera</span> <span class='ocrx_word' id='word_1_59' title='bbox 1032 1547 1146 1613; x_wconf 86' lang='lat' dir='ltr'>regum</span> 
     </span>
    </p>

    <p class='ocr_par' dir='ltr' id='par_1_6' title="bbox 163 1658 1041 1990">
     <span class='ocr_line' id='line_1_10' title="bbox 163 1658 1041 1747; baseline -0.003 -22"><span class='ocrx_word' id='word_1_60' title='bbox 163 1673 201 1725; x_wconf 73' lang='lat'>25</span> <span class='ocrx_word' id='word_1_61' title='bbox 227 1660 285 1724; x_wconf 92' lang='lat' dir='ltr'>Vel</span> <span class='ocrx_word' id='word_1_62' title='bbox 310 1658 423 1737; x_wconf 82' lang='lat' dir='ltr'>Gabiis</span> <span class='ocrx_word' id='word_1_63' title='bbox 446 1661 497 1722; x_wconf 88' lang='lat' dir='ltr'>vel</span> <span class='ocrx_word' id='word_1_64' title='bbox 520 1681 592 1723; x_wconf 92' lang='lat' dir='ltr'>cum</span> <span class='ocrx_word' id='word_1_65' title='bbox 616 1658 729 1747; x_wconf 87' lang='lat' dir='ltr'>rigidis</span> <span class='ocrx_word' id='word_1_66' title='bbox 751 1671 880 1746; x_wconf 87' lang='lat' dir='ltr'>aequata</span> <span class='ocrx_word' id='word_1_67' title='bbox 904 1659 1041 1736; x_wconf 90' lang='lat' dir='ltr'>Sabinis,</span> 
     </span>
     <span class='ocr_line' id='line_1_11' title="bbox 226 1790 1033 1868; baseline 0 -14"><span class='ocrx_word' id='word_1_68' title='bbox 226 1791 419 1855; x_wconf 88' lang='lat' dir='ltr'><strong>Pontificum</strong></span> <span class='ocrx_word' id='word_1_69' title='bbox 441 1790 551 1867; x_wconf 91' lang='lat' dir='ltr'>libros,</span> <span class='ocrx_word' id='word_1_70' title='bbox 575 1813 694 1856; x_wconf 90' lang='lat' dir='ltr'>annosa</span> <span class='ocrx_word' id='word_1_71' title='bbox 716 1791 879 1856; x_wconf 89' lang='lat' dir='ltr'>volumina</span> <span class='ocrx_word' id='word_1_72' title='bbox 902 1791 1033 1868; x_wconf 92' lang='lat' dir='ltr'>Vatum,</span> 
     </span>
     <span class='ocr_line' id='line_1_12' title="bbox 227 1925 991 1990; baseline -0.004 -2"><span class='ocrx_word' id='word_1_73' title='bbox 227 1925 363 1989; x_wconf 90' lang='lat' dir='ltr'>Dictitet</span> <span class='ocrx_word' id='word_1_74' title='bbox 386 1925 511 1990; x_wconf 80' lang='lat' dir='ltr'>Albano</span> <span class='ocrx_word' id='word_1_75' title='bbox 536 1926 650 1988; x_wconf 90' lang='lat' dir='ltr'>Musas</span> <span class='ocrx_word' id='word_1_76' title='bbox 673 1925 706 1988; x_wconf 94' lang='lat' dir='ltr'>in</span> <span class='ocrx_word' id='word_1_77' title='bbox 729 1935 837 1988; x_wconf 91' lang='lat' dir='ltr'>monte</span> <span class='ocrx_word' id='word_1_78' title='bbox 859 1925 991 1989; x_wconf 84' lang='lat' dir='ltr'>locutas.</span> 
     </span>
    </p>

    <p class='ocr_par' dir='ltr' id='par_1_7' title="bbox 228 2057 1081 2279">
     <span class='ocr_line' id='line_1_13' title="bbox 228 2057 1076 2144; baseline 0 -22"><span class='ocrx_word' id='word_1_79' title='bbox 228 2060 274 2136; x_wconf 91' lang='lat' dir='ltr'>Si,</span> <span class='ocrx_word' id='word_1_80' title='bbox 298 2058 375 2144; x_wconf 87' lang='lat' dir='ltr'>quia</span> <span class='ocrx_word' id='word_1_81' title='bbox 399 2058 572 2121; x_wconf 89' lang='lat' dir='ltr'>Graiorum</span> <span class='ocrx_word' id='word_1_82' title='bbox 596 2069 670 2122; x_wconf 90' lang='lat' dir='ltr'>sunt</span> <span class='ocrx_word' id='word_1_83' title='bbox 694 2057 914 2144; x_wconf 88' lang='lat' dir='ltr'>antiquissima</span> <span class='ocrx_word' id='word_1_84' title='bbox 936 2080 1076 2144; x_wconf 87' lang='lat' dir='ltr'>quaeque</span> 
     </span>
     <span class='ocr_line' id='line_1_14' title="bbox 228 2191 1081 2279; baseline 0 -25"><span class='ocrx_word' id='word_1_85' title='bbox 228 2192 355 2279; x_wconf 88' lang='lat' dir='ltr'>Scripta</span> <span class='ocrx_word' id='word_1_86' title='bbox 377 2191 428 2254; x_wconf 87' lang='lat' dir='ltr'>vel</span> <span class='ocrx_word' id='word_1_87' title='bbox 451 2191 584 2278; x_wconf 91' lang='lat' dir='ltr'>optima,</span> <span class='ocrx_word' id='word_1_88' title='bbox 609 2191 749 2254; x_wconf 89' lang='lat' dir='ltr'>Romani</span> <span class='ocrx_word' id='word_1_89' title='bbox 771 2202 947 2278; x_wconf 85' lang='lat' dir='ltr'>pensantur</span> <span class='ocrx_word' id='word_1_90' title='bbox 970 2191 1081 2257; x_wconf 87' lang='lat' dir='ltr'>eadem</span> 
     </span>
    </p>

    <p class='ocr_par' dir='ltr' id='par_1_8' title="bbox 164 2324 1178 2534">
     <span class='ocr_line' id='line_1_15' title="bbox 164 2324 1178 2411; baseline -0.001 -22"><span class='ocrx_word' id='word_1_91' title='bbox 164 2337 202 2390; x_wconf 82' lang='lat'>30</span> <span class='ocrx_word' id='word_1_92' title='bbox 227 2324 403 2410; x_wconf 88' lang='lat' dir='ltr'>Scriptores</span> <span class='ocrx_word' id='word_1_93' title='bbox 426 2324 567 2398; x_wconf 88' lang='lat' dir='ltr'>trutina;</span> <span class='ocrx_word' id='word_1_94' title='bbox 593 2346 656 2388; x_wconf 92' lang='lat' dir='ltr'>non</span> <span class='ocrx_word' id='word_1_95' title='bbox 680 2335 728 2388; x_wconf 87' lang='lat' dir='ltr'>est</span> <span class='ocrx_word' id='word_1_96' title='bbox 750 2325 839 2410; x_wconf 93' lang='lat' dir='ltr'>quod</span> <span class='ocrx_word' id='word_1_97' title='bbox 860 2325 965 2389; x_wconf 89' lang='lat' dir='ltr'>multa</span> <span class='ocrx_word' id='word_1_98' title='bbox 987 2324 1178 2411; x_wconf 89' lang='lat' dir='ltr'>loquamur:</span> 
     </span>
     <span class='ocr_line' id='line_1_16' title="bbox 226 2456 1094 2534; baseline 0.003 -15"><span class='ocrx_word' id='word_1_99' title='bbox 226 2456 282 2519; x_wconf 91' lang='lat' dir='ltr'>Nil</span> <span class='ocrx_word' id='word_1_100' title='bbox 304 2456 391 2521; x_wconf 84' lang='lat' dir='ltr'>intra</span> <span class='ocrx_word' id='word_1_101' title='bbox 413 2467 461 2520; x_wconf 87' lang='lat' dir='ltr'>est</span> <span class='ocrx_word' id='word_1_102' title='bbox 483 2457 564 2534; x_wconf 90' lang='lat' dir='ltr'>olea,</span> <span class='ocrx_word' id='word_1_103' title='bbox 586 2456 632 2521; x_wconf 92' lang='lat' dir='ltr'>nil</span> <span class='ocrx_word' id='word_1_104' title='bbox 656 2469 747 2523; x_wconf 89' lang='lat' dir='ltr'>extra</span> <span class='ocrx_word' id='word_1_105' title='bbox 769 2469 817 2522; x_wconf 89' lang='lat' dir='ltr'>est</span> <span class='ocrx_word' id='word_1_106' title='bbox 840 2459 873 2522; x_wconf 90' lang='lat' dir='ltr'>in</span> <span class='ocrx_word' id='word_1_107' title='bbox 897 2481 979 2522; x_wconf 88' lang='lat' dir='ltr'>nuce</span> <span class='ocrx_word' id='word_1_108' title='bbox 1001 2457 1094 2522; x_wconf 88' lang='lat' dir='ltr'>duri:</span> 
     </span>
    </p>

    <p class='ocr_par' dir='ltr' id='par_1_9' title="bbox 149 2589 1237 2802">
     <span class='ocr_line' id='line_1_17' title="bbox 149 2589 1237 2678; baseline 0.001 -24"><span class='ocrx_word' id='word_1_109' title='bbox 149 2625 151 2628; x_wconf 95' lang='lat'>·</span> <span class='ocrx_word' id='word_1_110' title='bbox 224 2589 378 2655; x_wconf 86' lang='lat' dir='ltr'>Venimus</span> <span class='ocrx_word' id='word_1_111' title='bbox 400 2590 442 2656; x_wconf 85' lang='lat' dir='ltr'>ad</span> <span class='ocrx_word' id='word_1_112' title='bbox 465 2613 625 2655; x_wconf 89' lang='lat' dir='ltr'>summum</span> <span class='ocrx_word' id='word_1_113' title='bbox 648 2591 806 2656; x_wconf 85' lang='lat' dir='ltr'>fortunae:</span> <span class='ocrx_word' id='word_1_114' title='bbox 831 2592 1007 2678; x_wconf 87' lang='lat' dir='ltr'>pingimus,</span> <span class='ocrx_word' id='word_1_115' title='bbox 1030 2602 1130 2678; x_wconf 90' lang='lat' dir='ltr'>atque</span> <span class='ocrx_word' id='word_1_116' title='bbox 1235 2660 1237 2665; x_wconf 68' lang='lat'>,</span> 
     </span>
     <span class='ocr_line' id='line_1_18' title="bbox 225 2722 1091 2802; baseline 0 -15"><span class='ocrx_word' id='word_1_117' title='bbox 225 2722 411 2802; x_wconf 88' lang='lat' dir='ltr'>Psallimus,</span> <span class='ocrx_word' id='word_1_118' title='bbox 434 2736 466 2788; x_wconf 92' lang='lat' dir='ltr'>et</span> <span class='ocrx_word' id='word_1_119' title='bbox 488 2722 650 2787; x_wconf 87' lang='lat' dir='ltr'>luctamur</span> <span class='ocrx_word' id='word_1_120' title='bbox 674 2724 804 2788; x_wconf 89' lang='lat' dir='ltr'>Achivis</span> <span class='ocrx_word' id='word_1_121' title='bbox 826 2724 952 2789; x_wconf 87' lang='lat' dir='ltr'>doctius</span> <span class='ocrx_word' id='word_1_122' title='bbox 975 2723 1091 2788; x_wconf 90' lang='lat' dir='ltr'>unctis.</span> 
     </span>
    </p>

    <p class='ocr_par' dir='ltr' id='par_1_10' title="bbox 225 2856 1005 2945">
     <span class='ocr_line' id='line_1_19' title="bbox 225 2856 1005 2945; baseline 0.001 -24"><span class='ocrx_word' id='word_1_123' title='bbox 225 2857 260 2921; x_wconf 91' lang='lat' dir='ltr'>Si</span> <span class='ocrx_word' id='word_1_124' title='bbox 282 2858 414 2921; x_wconf 90' lang='lat' dir='ltr'>meliora</span> <span class='ocrx_word' id='word_1_125' title='bbox 436 2856 514 2934; x_wconf 92' lang='lat' dir='ltr'>dies,</span> <span class='ocrx_word' id='word_1_126' title='bbox 540 2867 576 2920; x_wconf 89' lang='lat' dir='ltr'>ut</span> <span class='ocrx_word' id='word_1_127' title='bbox 600 2857 686 2934; x_wconf 89' lang='lat' dir='ltr'>vina,</span> <span class='ocrx_word' id='word_1_128' title='bbox 710 2866 857 2945; x_wconf 69' lang='lat' dir='ltr'>polimata</span> <span class='ocrx_word' id='word_1_129' title='bbox 880 2857 1005 2934; x_wconf 88' lang='lat' dir='ltr'>reddit;</span> 
     </span>
    </p>

    <p class='ocr_par' dir='ltr' id='par_1_11' title="bbox 162 2989 1237 3477">
     <span class='ocr_line' id='line_1_20' title="bbox 162 2989 1179 3079; baseline -0.003 -22"><span class='ocrx_word' id='word_1_130' title='bbox 162 3005 199 3057; x_wconf 83' lang='lat'>35</span> <span class='ocrx_word' id='word_1_131' title='bbox 226 2991 313 3056; x_wconf 88' lang='lat' dir='ltr'>Scire</span> <span class='ocrx_word' id='word_1_132' title='bbox 335 2990 442 3068; x_wconf 90' lang='lat' dir='ltr'>velim,</span> <span class='ocrx_word' id='word_1_133' title='bbox 466 2989 584 3055; x_wconf 91' lang='lat' dir='ltr'>chartis</span> <span class='ocrx_word' id='word_1_134' title='bbox 607 2991 746 3078; x_wconf 88' lang='lat' dir='ltr'>pretium</span> <span class='ocrx_word' id='word_1_135' title='bbox 771 3002 891 3079; x_wconf 91' lang='lat' dir='ltr'>quotus</span> <span class='ocrx_word' id='word_1_136' title='bbox 914 3002 1041 3078; x_wconf 87' lang='lat' dir='ltr'>arroget</span> <span class='ocrx_word' id='word_1_137' title='bbox 1064 3013 1179 3069; x_wconf 85' lang='lat' dir='ltr'>annus,</span> 
     </span>
     <span class='ocr_line' id='line_1_21' title="bbox 226 3121 1237 3211; baseline 0.001 -23"><span class='ocrx_word' id='word_1_138' title='bbox 226 3124 369 3210; x_wconf 87' lang='lat' dir='ltr'>Scriptor</span> <span class='ocrx_word' id='word_1_139' title='bbox 391 3121 432 3187; x_wconf 90' lang='lat' dir='ltr'>ab</span> <span class='ocrx_word' id='word_1_140' title='bbox 456 3122 530 3187; x_wconf 91' lang='lat' dir='ltr'>hinc</span> <span class='ocrx_word' id='word_1_141' title='bbox 553 3145 652 3187; x_wconf 89' lang='lat' dir='ltr'>annos</span> <span class='ocrx_word' id='word_1_142' title='bbox 674 3135 803 3188; x_wconf 92' lang='lat' dir='ltr'>centum</span> <span class='ocrx_word' id='word_1_143' title='bbox 827 3125 885 3211; x_wconf 93' lang='lat' dir='ltr'>qui</span> <span class='ocrx_word' id='word_1_144' title='bbox 908 3123 1039 3202; x_wconf 88' lang='lat' dir='ltr'>decidit,</span> <span class='ocrx_word' id='word_1_145' title='bbox 1063 3125 1147 3189; x_wconf 89' lang='lat' dir='ltr'>inter</span> <span class='ocrx_word' id='word_1_146' title='bbox 1234 3162 1237 3171; x_wconf 89' lang='lat'>·</span> 
     </span>
     <span class='ocr_line' id='line_1_22' title="bbox 224 3256 1031 3342; baseline -0.001 -21"><span class='ocrx_word' id='word_1_147' title='bbox 224 3257 387 3321; x_wconf 83' lang='lat' dir='ltr'>Perfectos</span> <span class='ocrx_word' id='word_1_148' title='bbox 410 3267 596 3342; x_wconf 88' lang='lat' dir='ltr'>veteresque</span> <span class='ocrx_word' id='word_1_149' title='bbox 619 3257 730 3320; x_wconf 82' lang='lat' dir='ltr'>referri</span> <span class='ocrx_word' id='word_1_150' title='bbox 752 3256 860 3337; x_wconf 88' lang='lat' dir='ltr'>debet,</span> <span class='ocrx_word' id='word_1_151' title='bbox 885 3279 924 3320; x_wconf 91' lang='lat' dir='ltr'>an</span> <span class='ocrx_word' id='word_1_152' title='bbox 947 3257 1031 3341; x_wconf 83' lang='lat' dir='ltr'>inter</span> 
     </span>
     <span class='ocr_line' id='line_1_23' title="bbox 225 3388 986 3477; baseline 0.003 -25"><span class='ocrx_word' id='word_1_153' title='bbox 225 3388 303 3453; x_wconf 88' lang='lat' dir='ltr'>Vilis</span> <span class='ocrx_word' id='word_1_154' title='bbox 326 3399 426 3475; x_wconf 88' lang='lat' dir='ltr'>atque</span> <span class='ocrx_word' id='word_1_155' title='bbox 447 3393 570 3453; x_wconf 87' lang='lat' dir='ltr'>novos?</span> <span class='ocrx_word' id='word_1_156' title='bbox 601 3389 752 3454; x_wconf 84' lang='lat' dir='ltr'>excludat</span> <span class='ocrx_word' id='word_1_157' title='bbox 772 3390 884 3477; x_wconf 87' lang='lat' dir='ltr'>jurgia</span> <span class='ocrx_word' id='word_1_158' title='bbox 906 3389 986 3454; x_wconf 89' lang='lat' dir='ltr'>finis.</span> 
     </span>
    </p>

    <p class='ocr_par' dir='ltr' id='par_1_12' title="bbox 222 3522 1192 3612">
     <span class='ocr_line' id='line_1_24' title="bbox 222 3522 1192 3612; baseline 0.002 -25"><span class='ocrx_word' id='word_1_159' title='bbox 222 3524 284 3587; x_wconf 88' lang='lat' dir='ltr'>Est</span> <span class='ocrx_word' id='word_1_160' title='bbox 308 3533 402 3586; x_wconf 90' lang='lat' dir='ltr'>vetus</span> <span class='ocrx_word' id='word_1_161' title='bbox 424 3533 522 3609; x_wconf 88' lang='lat' dir='ltr'>atque</span> <span class='ocrx_word' id='word_1_162' title='bbox 544 3522 678 3610; x_wconf 90' lang='lat' dir='ltr'>probus,</span> <span class='ocrx_word' id='word_1_163' title='bbox 702 3535 830 3588; x_wconf 90' lang='lat' dir='ltr'>centum</span> <span class='ocrx_word' id='word_1_164' title='bbox 854 3524 911 3610; x_wconf 94' lang='lat' dir='ltr'>qui</span> <span class='ocrx_word' id='word_1_165' title='bbox 934 3523 1060 3612; x_wconf 87' lang='lat' dir='ltr'>perficit</span> <span class='ocrx_word' id='word_1_166' title='bbox 1082 3544 1192 3589; x_wconf 85' lang='lat' dir='ltr'>annos.</span> 
     </span>
    </p>

    <p class='ocr_par' dir='ltr' id='par_1_13' title="bbox 161 3654 1231 4016">
     <span class='ocr_line' id='line_1_25' title="bbox 161 3654 1109 3743; baseline 0 -23"><span class='ocrx_word' id='word_1_167' title='bbox 161 3670 198 3720; x_wconf 81' lang='lat'>40</span> <span class='ocrx_word' id='word_1_168' title='bbox 223 3656 334 3735; x_wconf 83' lang='lat' dir='ltr'>Quid?</span> <span class='ocrx_word' id='word_1_169' title='bbox 358 3655 415 3742; x_wconf 92' lang='lat' dir='ltr'>qui</span> <span class='ocrx_word' id='word_1_170' title='bbox 438 3654 574 3743; x_wconf 89' lang='lat' dir='ltr'>deperiit</span> <span class='ocrx_word' id='word_1_171' title='bbox 597 3657 700 3720; x_wconf 92' lang='lat' dir='ltr'>minor</span> <span class='ocrx_word' id='word_1_172' title='bbox 723 3680 789 3721; x_wconf 89' lang='lat' dir='ltr'>uno</span> <span class='ocrx_word' id='word_1_173' title='bbox 811 3680 917 3722; x_wconf 91' lang='lat' dir='ltr'>mense</span> <span class='ocrx_word' id='word_1_174' title='bbox 940 3657 992 3723; x_wconf 89' lang='lat' dir='ltr'>vel</span> <span class='ocrx_word' id='word_1_175' title='bbox 1014 3679 1109 3735; x_wconf 90' lang='lat' dir='ltr'>anno,</span> 
     </span>
     <span class='ocr_line' id='line_1_26' title="bbox 223 3780 1119 3876; baseline 0.003 -24"><span class='ocrx_word' id='word_1_176' title='bbox 223 3791 313 3854; x_wconf 91' lang='lat' dir='ltr'>Inter</span> <span class='ocrx_word' id='word_1_177' title='bbox 336 3811 418 3876; x_wconf 86' lang='lat' dir='ltr'>quos</span> <span class='ocrx_word' id='word_1_178' title='bbox 439 3788 625 3853; x_wconf 86' lang='lat' dir='ltr'>referendus</span> <span class='ocrx_word' id='word_1_179' title='bbox 646 3790 730 3854; x_wconf 87' lang='lat' dir='ltr'>erit?</span> <span class='ocrx_word' id='word_1_180' title='bbox 755 3803 915 3855; x_wconf 86' lang='lat' dir='ltr'>veteresne</span> <span class='ocrx_word' id='word_1_181' title='bbox 938 3797 1061 3876; x_wconf 66' lang='lat' dir='ltr'>poetas,</span> <span class='ocrx_word' id='word_1_182' title='bbox 1086 3805 1088 3808; x_wconf 53' lang='lat'><em>⁴</em></span> <span class='ocrx_word' id='word_1_183' title='bbox 1115 3780 1119 3787; x_wconf 43' lang='lat'>¹</span> 
     </span>
     <span class='ocr_line' id='line_1_27' title="bbox 223 3921 1231 4016; baseline 0.006 -35"><span class='ocrx_word' id='word_1_184' title='bbox 223 3921 272 3982; x_wconf 77' lang='lat' dir='ltr'>An</span> <span class='ocrx_word' id='word_1_185' title='bbox 295 3944 376 4007; x_wconf 89' lang='lat' dir='ltr'>quos</span> <span class='ocrx_word' id='word_1_186' title='bbox 398 3933 430 4016; x_wconf 88' lang='lat' dir='ltr'>et</span> <span class='ocrx_word' id='word_1_187' title='bbox 453 3944 592 4008; x_wconf 88' lang='lat' dir='ltr'>praesens</span> <span class='ocrx_word' id='word_1_188' title='bbox 616 3935 647 3986; x_wconf 86' lang='lat' dir='ltr'>et</span> <span class='ocrx_word' id='word_1_189' title='bbox 670 3933 798 4008; x_wconf 89' lang='lat' dir='ltr'>postera</span> <span class='ocrx_word' id='word_1_190' title='bbox 820 3934 950 4010; x_wconf 89' lang='lat' dir='ltr'>respuat</span> <span class='ocrx_word' id='word_1_191' title='bbox 974 3927 1074 3988; x_wconf 85' lang='lat' dir='ltr'>aetas?</span> <span class='ocrx_word' id='word_1_192' title='bbox 1140 3960 1150 3995; x_wconf 48' lang='grc' dir='ltr'><strong><em>ἑ</em></strong></span> <span class='ocrx_word' id='word_1_193' title='bbox 1220 3956 1231 3987; x_wconf 62' lang='lat' dir='ltr'>a</span> 
     </span>
    </p>
   </div>
   <div class='ocr_carea' id='block_1_6' title="bbox 224 4051 1019 4143">
    <p class='ocr_par' dir='ltr' id='par_1_14' title="bbox 224 4051 1019 4143">
     <span class='ocr_line' id='line_1_28' title="bbox 224 4051 1019 4143; baseline 0.008 -30"><span class='ocrx_word' id='word_1_194' title='bbox 224 4051 291 4114; x_wconf 89' lang='lat' dir='ltr'>Iste</span> <span class='ocrx_word' id='word_1_195' title='bbox 314 4053 443 4138; x_wconf 89' lang='lat' dir='ltr'>quidem</span> <span class='ocrx_word' id='word_1_196' title='bbox 468 4067 588 4120; x_wconf 86' lang='lat' dir='ltr'>veteres</span> <span class='ocrx_word' id='word_1_197' title='bbox 610 4056 693 4119; x_wconf 90' lang='lat' dir='ltr'>inter</span> <span class='ocrx_word' id='word_1_198' title='bbox 717 4066 854 4143; x_wconf 88' lang='lat' dir='ltr'>ponetur</span> <span class='ocrx_word' id='word_1_199' title='bbox 877 4055 1019 4132; x_wconf 88' lang='lat' dir='ltr'>honeste,</span> 
     </span>
    </p>
   </div>
   <div class='ocr_carea' id='block_1_7' title="bbox 378 4237 1071 4411">
    <p class='ocr_par' dir='ltr' id='par_1_15' title="bbox 378 4237 1071 4411">
     <span class='ocr_line' id='line_1_29' title="bbox 378 4237 1071 4329; baseline 0.007 -18"><span class='ocrx_word' id='word_1_200' title='bbox 378 4283 401 4312; x_wconf 88' lang='lat' dir='ltr'>v.</span> <span class='ocrx_word' id='word_1_201' title='bbox 415 4237 448 4314; x_wconf 81' lang='lat' dir='ltr'>la.</span> <span class='ocrx_word' id='word_1_202' title='bbox 466 4271 538 4329; x_wconf 77' lang='lat' dir='ltr'>l&#39;ulg.</span> <span class='ocrx_word' id='word_1_203' title='bbox 554 4272 619 4320; x_wconf 84' lang='lat' dir='ltr'>Tuus</span> <span class='ocrx_word' id='word_1_204' title='bbox 632 4289 680 4319; x_wconf 78' lang='lat' dir='ltr'>rur.</span> <span class='ocrx_word' id='word_1_205' title='bbox 857 4272 895 4317; x_wconf 83' lang='lat'>28.</span> <span class='ocrx_word' id='word_1_206' title='bbox 911 4270 1071 4318; x_wconf 76' lang='lat' dir='ltr'>Ganronrn.</span> 
     </span>
     <span class='ocr_line' id='line_1_30' title="bbox 411 4357 1034 4411; baseline 0.006 -8"><span class='ocrx_word' id='word_1_207' title='bbox 411 4357 449 4404; x_wconf 78' lang='lat'>31.</span> <span class='ocrx_word' id='word_1_208' title='bbox 465 4358 564 4410; x_wconf 71' lang='lat' dir='ltr'>Oasin.</span> <span class='ocrx_word' id='word_1_209' title='bbox 857 4363 893 4411; x_wconf 80' lang='lat'>42.</span> <span class='ocrx_word' id='word_1_210' title='bbox 910 4363 1034 4410; x_wconf 80' lang='lat' dir='ltr'>Rrsrurr.</span> 
     </span>
    </p>
   </div>
   <div class='ocr_carea' id='block_1_8' title="bbox 0 0 1426 5130">
    <p class='ocr_par' dir='ltr' id='par_1_16' title="bbox 0 0 1426 5130">
     <span class='ocr_line' id='line_1_31' title="bbox 0 0 1426 5130; baseline 0 1"><span class='ocrx_word' id='word_1_211' title='bbox 0 0 1426 5130; x_wconf 95' lang='lat' dir='ltr'> </span> 
     </span>
    </p>
   </div>
  </div>
 </body>
</html>
