2844 5130
418 493 682 557 CARMINUM
716 495 792 557 Lm.
811 482 877 558 lv.'

230 709 267 760 25
293 697 409 760 Terret
432 695 600 791 ambustus
625 694 793 759 Phaethon
816 716 928 758 avaras

295 833 391 917 Spes:
425 841 458 895 et
480 828 664 916 exemplum
686 851 785 916 grave
807 829 930 917 praebet
953 829 1018 894 ales

293 965 448 1051 Pegasus,
472 974 634 1027 terrenum
657 963 798 1048 equitem
821 973 975 1048 gravatus

385 1094 664 1182 Bellerophonten,

175 1316 178 1321 θ
294 1228 425 1315 Semper
448 1239 486 1292 ut
509 1238 541 1292 te
557 1227 662 1315 ‘digna
685 1249 837 1313 sequare3
863 1238 905 1308 et,
930 1228 1017 1292 ultra

230 1373 268 1424 30
292 1363 397 1439 Quam
420 1361 494 1426 licet
518 1384 644 1450 sperare
665 1360 755 1426 nefas
777 1361 934 1448 putando,

293 1493 462 1582 Disparem
486 1495 672 1581 vites-age,
693 1495 761 1580 jam
785 1515 928 1559 meorum

382 1627 473 1691 Finis
496 1649 652 1704 amorum,

295 1759 384 1838 (Non
408 1758 491 1823 enim
515 1758 648 1846 posthac
672 1758 734 1821 alia
756 1757 866 1821 calebo

293 1891 440 1977 Femina)
465 1890 612 1956 condisce
634 1891 756 1967 modos,
780 1889 916 1954 amanda

230 2035 267 2086 35
294 2019 377 2089 Voce
400 2047 482 2112 quos
505 2024 637 2089 reddas:
673 2024 858 2088 minuentur
882 2036 960 2088 atrae

386 2155 535 2218 Carmine
559 2177 653 2218 curae.

595 2462 692 2536 XII.

482 2668 534 2719 AI)
566 2670 797 2720 VIRGILIUM.

248 2794 273 2878 J
277 2832 329 2879 AM
353 2817 436 2880 veris
459 2818 600 2895 comites,
624 2840 698 2903 quae
721 2839 808 2880 mare
831 2825 1020 2902 temperant,

249 2949 415 3036 Inpellunt
438 2951 552 3014 animae
575 2949 674 3014 lintea
699 2949 865 3014 Thraciae:

247 3081 271 3143 J
273 3103 323 3145 am
347 3104 404 3146 nec
427 3093 521 3169 prata
542 3064 659 3179 rigent,
684 3105 743 3147 nec
764 3082 856 3146 fluvii
880 3092 1028 3168 strepunt

340 3209 487 3278 Hiberna
508 3215 583 3278 nive
605 3212 746 3301 turgidi:

204 3352 222 3408 5
246 3342 369 3411 Nidum
392 3347 494 3435 ponit,
522 3348 601 3435 Ityn
623 3340 934 3433 flebiliter'gemena,

248 3477 368 3543 Infelix
392 3480 471 3557 avis,
496 3490 527 3543 et
552 3479 716 3566 Cecropiae
739 3478 854 3543 domus

248 3613 419 3677 AEternum
443 3612 665 3705 opprobrium,
690 3612 778 3698 quod
802 3613 884 3676 male
906 3612 1057 3677 barbaras

338 3746 467 3833 Regum
491 3758 539 3810 est
562 3745 633 3809 ulta
654 3743 812 3809 libidines.

247 3879 370 3943 Dicunt
392 3878 427 3944 in
449 3890 559 3944 tenero
582 3879 725 3966 gramine
747 3878 918 3966 pinguium

189 4022 225 4074 10
250 4010 409 4075 Custodes
431 4012 540 4076 ovium
564 4012 704 4076 carmina
726 4011 855 4085 fistula3

247 4142 483 4229 Delectantque
506 4145 626 4220 Deum,
650 4145 703 4208 cui
726 4164 824 4231 pecus
847 4140 1002 4227 et'nigrae

339 4275 445 4340 Colles
465 4275 611 4340 Arcadiae
633 4274 769 4362 placent.

490 4467 514 4498 v.
526 4450 561 4497 ll.
579 4447 654 4524 Vale,
668 4447 704 4496 Er
714 4462 796 4496 monn

590 4580 592 4585 ·
619 4555 661 4609 ti?
