2844 5130
150 434 216 503 140
503 440 541 516 Q·
567 436 779 501 nonnrn
795 406 988 513 'ninom

335 664 353 716 5
378 645 541 740 Insignem
565 652 654 715 tenui
677 649 782 716 fronte
806 649 970 739 Lycorida

376 785 456 872 Cyri
480 794 579 848 torret
603 805 709 847 amor:
737 784 844 870 Cyrus
867 782 900 845 in
924 803 1068 868 asperam

375 915 524 980 Declinat
548 914 710 979 Pholoen:
737 913 792 980 sed
814 915 906 1001 prius
929 915 1068 1002 Appulis

420 1050 443 1112 J
446 1059 610 1137 ungentur
632 1070 756 1135 copreae
778 1047 876 1134 lupis,

376 1186 482 1263 Quam
505 1184 595 1272 turpi
619 1183 742 1249 Pholoe
764 1194 874 1271 peccet
897 1182 1053 1277 adulterq.

317 1316 430 1382 10·Sic
452 1315 558 1381 visum
582 1314 718 1391 Veneri;
744 1315 795 1380 cui
818 1315 925 1402 placet
947 1315 1075 1401 inpares

375 1451 510 1515 Formas
533 1460 631 1536 atque
653 1448 776 1513 animos
798 1448 859 1513 sub
878 1449 962 1537 juga
983 1455 1080 1512 senen

425 1584 518 1646 Saevo
540 1581 668 1645 mittere
690 1602 765 1644 cum
783 1579 867 1668 joco.

260 1710 264 1718 ’
366 1717 497 1804 ipsum
516 1737 566 1780 me
588 1713 699 1779 melior
722 1735 796 1778 cum
819 1723 942 1800 peteret
966 1713 1087 1791 Venus,

379 1849 482 1913 Grata
504 1844 643 1911 detinuit
658 1843 818 1933 ‘compede
841 1844 986 1933 Myrtale

318 1994 353 2044 15
379 1979 559 2056 Libertina,
582 1977 673 2041 fretis
696 1977 798 2041 acrior
822 1976 957 2041 Hadriae

422 2109 597 2175 Curvantis
621 2107 775 2173 Calabros
799 2108 896 2172 sinus.

576 2540 578 2544 ⁴
641 2547 847 2628 XXXIV.

332 2750 372 2830 P
374 2788 483 2831 Arcus
508 2767 652 2831 Deorum
676 2767 782 2831 cultor
805 2778 837 2831 et
860 2766 1057 2856 infrequens,

335 2899 539 2965 Insanientis
550 2900 629 2964 dum
653 2899 818 2987 sapientire

380 3033 557 3097 Consultus
581 3055 671 3108 err03
696 3054 782 3096 nunc
805 3043 981 3096 retrorsum

423 3164 612 3242 Veledam,
637 3176 735 3251 atque
757 3165 873 3229 iterare
896 3186 1009 3228 cursus

236 3317 245 3333 ·
291 3312 310 3363 5
335 3302 442 3386 Cogor
465 3298 607 3364 relectos.
632 3320 772 3385 namque
794 3297 968 3384 Diespiter,

335 3430 410 3519 Igni
434 3453 566 3496 corusco
588 3430 701 3495 nubila
723 3429 870 3495 dividens

379 3562 588 3649 Plerumque2
610 3584 669 3650 per
692 3583 812 3649 purum
835 3562 976 3627 tonantis

423 3695 504 3783 Egit
527 3718 627 3783 equos
650 3695 876 3781 volucremque
900 3717 1048 3760 currum:

334 3829 407 3906 Quo
429 3827 529 3892 bruta
551 3826 646 3892 tellus
670 3838 708 3892 et·
725 3850 808 3915 vaga
829 3826 975 3905 flumine,

273 3973 310 4025 10
333 3963 406 4039 Quo
431 3962 525 4048 Styx,
550 3971 581 4024 et
605 3959 699 4023 invisi
721 3959 852 4024 horrida
876 3959 1007 4024 Taenari

380 4091 488 4170 Sedes,
513 4092 748 4178 Atlanteusque
771 4091 844 4155 finis

425 4223 627 4289 Concutitur.
653 4225 737 4288 valet
761 4224 825 4287 imo
848 4223 979 4288 summis

598 4415 621 4446 v.
632 4400 655 4447 5.
670 4399 743 4456 ung.
760 4397 891 4446 Rumoros.
