2844 5130
452 495 727 567 SERMONUM
749 498 834 564 Lm.
850 500 881 565 Ι.
905 511 937 566 8.

199 699 266 768 lam
285 697 432 786 peritura
453 699 565 766 modis.
615 702 760 766 Hecaten
785 713 877 768 vocal
899 702 1011 778 altera,
1036 722 1152 766 savam

199 830 299 896 Altera
322 831 532 918 Tisiphonen.
558 832 713 920 serpentis
735 844 834 920 atque
857 832 982 898 videres

157 970 181 1022 35
198 961 337 1027 Infernas
357 985 464 1028 errare
486 986 599 1039 eanes3
624 963 800 1050 lunamque
822 948 1001 1041 rubentem,

199 1094 240 1158 Ne
261 1093 347 1160 foret
369 1094 421 1158 his
442 1095 545 1174 testis,
568 1107 642 1183 post
664 1118 782 1183 magna
803 1095 902 1187 latere
926 1096 1080 1182 sepulcra.

199 1225 335 1291 Mentior
357 1236 392 1291 at
415 1227 442 1291 si
464 1227 556 1313 quid,
579 1228 698 1292 merdis
720 1241 819 1316 caput
841 1229 990 1317 inquiner
1012 1228 1094 1294 albis
1162 1243 1164 1245 ’

196 1357 389 1434 Corvorum3
414 1370 513 1446 atque
534 1360 569 1426 in
591 1383 642 1424 me
664 1362 770 1426 veniat
793 1362 927 1426 mictum
950 1374 1048 1449 atque
1072 1373 1216 1426 cacatum

198 1489 311 1569 Julius,
335 1503 367 1557 et
389 1490 515 1580 fragilis
537 1491 695 1571 Pediatia,
718 1456 846 1579 surque.
860 1493 1017 1558 Vorenus.

152 1631 182 1682 40
200 1621 328 1710 Singula
341 1623 428 1712 quid
450 1630 647 1691 memorem?
682 1648 748 1711 quo
769 1637 865 1714 paeto
888 1627 1011 1690 alterna
1033 1626 1200 1713 loquentes

200 1752 326 1823 Umbrae
347 1779 422 1820 cum
447 1758 574 1845 Sagana
594 1757 773 1822 resonarint
796 1757 888 1826 triste
910 1768 943 1821 et
965 1760 1124 1822 acutum?

200 1885 306 1974 thue
324 1888 398 1975 lupi
419 1888 554 1955 barbam
574 1889 673 1954 varia·
695 1911 769 1954 eum
792 1888 888 1956 dente
910 1888 1052 1955 colubrae

200 2017 384 2089 Abdiderine
403 2020 519 2088 furtim
539 2022 645 2101 terris,
668 2034 703 2087 et
722 2021 861 2110 imagine
884 2044 973 2115 cerea

200 2150 329 2242 Largior
350 2154 465 2221 arserit
485 2154 593 2243 ignis?
626 2165 659 2222 et
680 2165 721 2220 ut
742 2177 806 2222 non
829 2139 920 2224 testis
942 2153 1067 2222 inultus

148 2293 182 2345 45
198 2285 383 2383 Horruerim
406 2310 499 2352 voces
521 2287 698 2353 Furiarum
719 2299 751 2353 et
773 2287 860 2352 faeta
882 2286 1044 2351 duarum?

116 2411 117 2417 ¹
196 2418 285 2498 Nam,
309 2419 452 2509 displosa
474 2431 565 2486 sonat
587 2431 746 2507 quantum
769 2419 885 2498 vesica,
907 2418 1025 2508 pepedi

196 2551 321 2619 Diffissa
341 2564 416 2622 nate
438 2551 527 2623 ficus.
550 2562 585 2617 at
605 2551 672 2618 illoe
695 2574 822 2617 currere
844 2552 879 2616 in
903 2551 1048 2618 Urbem:
1122 2600 1129 2618 .

197 2685 336 2751 Canidioe
358 2686 483 2764 dentes,
505 2686 608 2750 altum
633 2687 766 2774 Saganae
790 2684 988 2750 caliendrum
1111 2689 1114 2693 '

193 2817 366 2896 Excidere,
385 2831 483 2905 atque
504 2817 632 2897 herbas,
656 2829 755 2904 atque
776 2818 938 2885 incantata
960 2815 1088 2880 lacertis

133 2961 170 3014 50
192 2949 337 3031 Vincula,
360 2973 436 3018 cum
458 2967 575 3040 magno
596 2951 729 3040 risuque
747 2948 1042 3040 jocoquevideres.

545 3407 745 3472 'ECLOGA
778 3403 834 3468 lx.

191 3591 293 3682 lnam
317 3619 356 3678 ut
372 3612 460 3687 ,forte
482 3613 536 3679 via
559 3616 667 3694 Sacra,
691 3614 773 3679 sicut
795 3632 887 3678 meus
909 3621 957 3676 est
979 3632 1060 3687 mos,

191 3744 308 3810 Nescio
330 3744 412 3832 quid
434 3746 592 3812 meditans
612 3769 785 3835 nugarum,
807 3756 898 3811 totus
920 3744 955 3808 in
976 3741 1059 3806 illis:

190 3875 346 3951 Adeurrit
368 3877 499 3964 quidam
519 3891 618 3947 notus
636 3879 719 3942 mihi
740 3878 873 3943 nomine.
892 3886 1038 3947 tantunu

190 4010 395 4098 Arreplaque
411 4033 526 4088 manu,
551 4011 639 4088 Quid
661 4012 743 4099 agis,
767 4008 949 4077 dulcissime
971 4008 1102 4070 rerum?
1132 4060 1134 4064 .
1169 4013 1177 4017 ”
1192 4065 1198 4071 ,.

146 4155 166 4207 5
192 4143 355 4221 Suaviter,
368 4155 416 4208 ⁴ut
437 4164 526 4225 nune
546 4155 605 4222 est,
628 4143 782 4230 inquam;
807 4153 841 4207 et
863 4139 958 4226 cupio
980 4137 1088 4201 omnia
1110 4148 1197 4223 quae'1
1209 4138 1266 4200 vis.

191 4276 278 4340 Cum
301 4276 536 4352 adsectaretur3
562 4277 733 4365 Numquid
755 4275 828 4340 vis?
861 4293 992 4357 occupo.
1016 4268 1140 4345 atille,
1169 4274 1198 4328 ”,

253 4466 277 4500 r.
291 4451 330 4498 ³8.
360 4449 433 4509 vulg.
447 4450 573 4500 Vernaus.
659 4452 698 4497 41.
712 4449 888 4496 Rreousarmr.
975 4445 998 4490 l.
1012 4442 1079 4489 inlu
1090 4457 1176 4488 nourr.

689 4549 894 4612 θ’,
