2844 5130
428 482 770 595 EPISTOLARUM
802 485 879 551 Lm.
897 487 946 550 11³
973 500 999 549 1.

214 679 264 743 Ne
287 679 418 749 rubeam
439 682 553 772 pingui
576 684 713 753 donatus
732 707 873 765 munere,
896 699 928 751 et
951 694 1016 751 una

215 811 474 902 Cumscriptore
496 839 566 882 meo
588 839 683 906 capsa
704 827 870 906 porrectus
892 830 1016 908 operta,

214 943 350 1011 Deseror
371 943 405 1012 in
426 947 533 1015 vicum
556 950 744 1019 ,vendentem
767 963 820 1017 tus
841 952 1031 1029 et'odores,.
1060 1007 1063 1011 .

136 1087 191 1146 270
212 1076 256 1142 Et
278 1079 382 1167 piper,
406 1092 438 1146 et
461 1082 617 1169 quicquid
639 1082 756 1148 chartis
779 1084 927 1150 amicitur
947 1083 1073 1172 ineptis.

557 1408 797 1475 EPISTOLA
824 1407 867 1475 11.

487 1590 537 1638 ΑΙ)
577 1592 593 1640 J
599 1592 724 1641 ULIUM
754 1592 936 1643 ·FLORUM.

214 1722 351 1832 From,
374 1745 458 1818 bono
481 1756 629 1842 claroque
651 1756 754 1821 fidelis
775 1757 874 1821 amice
897 1748 1029 1836 Neroni,
1096 1796 1100 1805 ‚

213 1882 247 1947 Si
269 1883 342 1970 quis
364 1884 447 1949 forte
470 1887 546 1952 velit
568 1906 704 1974 puerum
724 1886 787 1961 ,tibi
810 1887 946 1954 uendere
968 1899 1080 1953 natum

213 2007 336 2081 Tibure
359 2017 410 2082 vel
434 2019 557 2098 Gabiis,
581 2031 613 2084 et
636 2032 741 2085 tecum
763 2021 808 2084 sic
830 2031 925 2108 agat;
951 2022 1023 2085 H1c
1048 2027 1079 2084 et

212 2149 388 2228 candidus,
412 2163 444 2215 et
466 2153 548 2216 talos
570 2175 590 2216 a
611 2153 728 2218 uertice
750 2153 890 2240 pulcher.
906 2152 948 2217 ad
969 2152 1062 2230 imos,

168 2296 188 2347 6
211 2282 284 2349 Fiet
306 2285 431 2371 eritque
453 2297 530 2350 tuus
551 2308 754 2351 nummorum
777 2281 919 2351 millibus
941 2297 1032 2361 ucto;

210 2407 315 2481 Verna
336 2417 518 2483 ministeriis
540 2416 582 2483 ad
605 2428 704 2483 nutris
726 2431 823 2507 aptus
845 2419 971 2484 herilis:

210 2545 363 2612 Literulis
387 2547 510 2614 Graecis
531 2548 677 2626 inbutus,
699 2549 834 2625 idoneus
856 2550 918 2613 arti

210 2678 382 2745 Cuilibetz.
403 2681 517 2769 argilla
539 2681 667 2769 quidvis
688 2680 862 2746 imitaberis
885 2670 966 2747 uda:

209 2812 412 2890 Quinetiam
435 2826 526 2900 canet
549 2814 725 2890 indoctum,
749 2813 804 2877 se'd
827 2811 920 2878 dulce
942 2810 1083 2875 bibentit

145 2949 184 3008 10
208 2945 318 3010 Multa
339 2945 435 3011 fidem
457 2946 613 3033 promissa
634 2945 753 3024 levant,
767 2939 836 3010 ubi
856 2942 1099 3032 pleniusaequo

208 3077 337 3144 Laudat
359 3078 490 3158 venalis,
514 3080 572 3166 qui
594 3079 662 3144 volt
684 3075 869 3156 extrudere‚·
883 3098 1022 3152 merces:

207 3212 273 3278 Res
295 3223 413 3300 urguet
435 3235 485 3277 me
507 3213 613 3278 nulla:
647 3234 717 3277 meo
739 3235 810 3276 sum
832 3233 955 3299 pauper
977 3210 1011 3274 in
1034 3220 1112 3296 aeret
1176 3214 1198 3255 ’-

206 3345 308 3410 Nemo
330 3344 390 3409 hoc
408 3321 606 3433 ‘mangonum
628 3345 746 3442 faceret
768 3343 847 3409 tibi:
879 3347 944 3407 tion
967 3353 1084 3407 temere
1106 3364 1125 3404 a
1147 3353 1198 3405 me

208 3477 320 3556 Quivis
342 3477 439 3542 ferret
461 3477 563 3542 idem:
598 3477 692 3542 semel
713 3475 766 3541 hic
789 3475 932 3553 cessavit,
956 3486 987 3539 et
1012 3476 1065 3558 (ut
1088 3473 1140 3558 fit)

143 3625 180 3676 15
207 3611 248 3674 In
272 3611 363 3676 scalis
386 3611 481 3676 latuit
504 3623 647 3676 metuens
668 3611 836 3699 pendentis
857 3606 1028 3673 habeuaez.

205 3743 273 3808 Des
295 3763 454 3822 nummos,
478 3755 611 3832 excepta
632 3742 712 3809 nihil
735 3754 767 3807 tc
789 3742 816 3806 si
837 3741 918 3830 fuga
939 3738 1036 3805 laedit.

206 3875 268 3940 Ille
290 3872 372 3941 ferat
393 3876 545 3964 pretium,
568 3898 672 3963 poenae
695 3896 834 3953 securus,
858 3873 979 3962 opinor.

205 4006 353 4074 Prudens
376 4008 479 4072 emisti
502 4008 669 4073 vitiosum:
704 4008 791 4073 dicta
812 4006 872 4071 tibi
895 4019 942 4071 est
963 4005 1034 4070 lex:

205 4139 388 4227 Insequeria
411 4152 517 4206 tamen
539 4139 635 4218 hunc,
659 4150 690 4204 et
713 4139 769 4203 lite
792 4137 924 4204 moraris
946 4135 1064 4221 iniqua.

135 4284 182 4340 20
205 4270 284 4338 Dixi
307 4296 357 4341 me
379 4275 508 4363 pigrum
530 4272 740 4362 proficiscenti
763 4270 834 4348 tibi,
858 4269 926 4335 dixi

572 4465 595 4497 v.
607 4449 643 4496 16.
659 4445 732 4506 Vulg.
747 4444 844 4492 Lnonr.

600 4537 602 4542 ⁸
680 4557 729 4608 aa

1238 489 1300 557 291
