2844 5130
491 393 765 484 Q..HORAT11
798 405 974 470 FLAGCI

316 608 362 672 Et
385 619 482 674 uncta
505 609 610 695 turpis
632 631 694 673 ova
715 630 801 672 ranoe
825 607 991 694 sanguine,
1070 659 1072 665 ,

255 753 294 804 20
363 741 576 827 Plumamque
598 751 764 805 noeturnae
787 739 906 827 strigis,
996 792 997 797 ,

317 872 521 960 Herbasque,
545 894 627 959 quas
652 871 756 936 Iolcos
779 883 877 958 atque
901 869 1039 936 Hiberia

362 1004 471 1068 Mittit
493 1026 688 1069 venenorum
710 1003 812 1080 ferax,

316 1137 363 1202 Et
385 1159 457 1200 ossa
479 1137 520 1201 ab
542 1158 597 1201 ore
610 1147 714 1224 rapta
731 1135 854 1225 jejunat
877 1135 975 1214 canis,
1047 1176 1053 1184 ·

363 1267 518 1333 Flammis
541 1267 635 1332 aduri
659 1263 826 1333 Colchicis.

254 1411 292 1463 25
317 1399 360 1464 At
384 1399 534 1487 expedita
558 1400 684 1487 Sagana
705 1421 763 1486 per
786 1410 887 1465 totam
911 1399 1042 1479 domum

364 1535 524 1622 Spargens
547 1533 715 1599 Avernalis
738 1558 849 1620 aquas,

317 1666 439 1730 Horret
462 1664 586 1754 capillis
608 1676 647 1730 ut
669 1635 812 1730 marinus
834 1664 956 1753 asperis

360 1797 518 1876 Echinus,
541 1809 598 1863 aut
623 1799 770 1863 Laurens
793 1764 878 1886 aperi

315 1929 440 2001 Abacta
462 1923 553 2001 nulla
575 1930 655 1995 Veia
677 1929 881 2006 conscientia,

254 2074 293 2126 30
358 2062 540 2150 Ligonibus
563 2062 653 2127 duris
675 2063 811 2128 humum

316 2193 551 2272 Exhauriebat‚
575 2195 737 2283 ingemens
759 2195 943 2259 laboribus:

264 2382 268 2392 ,
363 2328 436 2405 Quo
458 2338 566 2415 posset
588 2327 727 2392 infossus
749 2348 831 2414 puer

316 2459 435 2547 Longo
456 2459 509 2524 die
530 2459 581 2524 bis
605 2449 725 2546 terque
741 2450 874 2524 mutatae
898 2459 991 2546 dapis

363 2592 503 2657 inemori
527 2591 709 2679 spectaculo
719 2617 733 2667 3.

254 2737 291 2790 35
317 2725 401 2789 Cum
424 2724 619 2812 promineret
642 2747 708 2801 ore,
732 2736 891 2811 quantum
915 2736 1042 2789 exstant
1065 2746 1151 2811 aqua

362 2859 523 2945 Suspenso
545 2869 653 2922 mento
676 2879 826 2944 corpora:

316 2991 424 3054 Exesa
447 2990 495 3056 uti
518 2991 670 3069 medulla,
695 3002 728 3055 et
750 2991 876 3057 aridum
895 2993 988 3079 jecur

363 3123 490 3187 Amoris
512 3135 593 3189 esset
615 3124 789 3212 poculum;
887 3174 889 3179 .

317 3256 530 3323 Interminato
553 3280 627 3322 cum
651 3259 746 3323 semel
769 3258 845 3323 fixae
868 3259 940 3324 cibo

255 3401 294 3454 40
364 3389 583 3455 Intabuissent
605 3392 748 3479 pupuloe.

316 3522 392 3586 Non
416 3521 555 3587 defuisse
578 3522 728 3588 masculoe
750 3523 894 3588 libidinis

363 3652 593 3717 Ariminensem
617 3654 754 3734 Foliam,

318 3787 365 3851 Et
387 3787 488 3850 otiosa
510 3785 646 3851 credidit
670 3787 834 3874 Neapolis,

363 3921 410 3984 Et
432 3942 525 3984 omne
548 3919 689 3983 vicinum
712 3920 890 4008 oppidum:

258 4064 295 4115 45
320 4053 400 4129 Quae
424 4051 527 4116 sidera
549 4063 718 4117 excantata
740 4075 817 4117 voce
842 4051 997 4117 Thessala

367 4185 560 4271 Lunamque
583 4184 661 4249 caelo
684 4184 811 4272 deripit.

315 4357 386 4405 abb.
403 4355 476 4414 Vulg.
492 4356 687 4417 Cunnrnsaper.
786 4357 823 4407 33.
839 4357 934 4405 Tanvr.
1021 4358 1059 4406 37.
1076 4357 1200 4406 Exsucrn.
