2828 5122
413 503 765 568 EPISTOLARUM
797 505 874 596 lua.
893 504 942 568 ΙΙ.
970 518 997 579 l,
1216 502 1296 587 ,283

198 701 262 778 Qui
285 699 337 765 vel
359 721 465 766 mense
488 701 590 780 brevi,
614 703 666 772 vel
688 713 758 766 toto
780 714 827 766 est
847 701 957 789 junior
980 724 1072 786 anno.

136 843 172 898 45
195 835 281 898 Utor
303 834 468 921 permisso,
492 835 668 922 caudaeque
689 834 772 922 pilos
795 846 832 899 ut
856 834 987 921 equinae,

196 966 371 1031 Paullatim
395 969 494 1033 vello:
521 979 552 1032 et
576 945 668 1031 demo
691 967 804 1046 unum,
829 966 922 1032 demo
945 979 977 1031 et
1000 967 1077 1032 item
1101 987 1221 1039 unum;

197 1100 286 1164 Dum
309 1099 402 1165 cadat
426 1101 534 1165 elusus
557 1101 680 1166 ratione
702 1103 826 1166 ruentis
848 1101 965 1179 acervi,

198 1233 264 1311 Qui
285 1233 368 1299 redit
391 1234 424 1297 in
447 1234 557 1310 fastos,
582 1247 614 1299 et
637 1235 790 1300 virtutem
814 1231 950 1300 aestimat
973 1233 1074 1310 annis,
1131 1279 1135 1292 .

197 1366 405 1454 Miraturque
427 1367 519 1446 nihil,
543 1367 605 1432 nisi
628 1369 716 1455 quod
741 1369 885 1435 Libitina
908 1368 1053 1433 sacravit.

135 1509 174 1562 50
197 1499 323 1563 Ennius
346 1514 378 1564 et
403 1501 538 1586 sapienS‚
563 1511 594 1564 et
618 1501 722 1579 fortis,
747 1513 778 1566 et
802 1475 883 1566 alter
906 1503 1080 1576 Homerus,

196 1631 245 1697 Ut
269 1632 371 1697 critici
395 1632 519 1710 dicunt,
542 1633 656 1698 leviter
679 1656 791 1721 curare
814 1634 943 1698 videtur

177 1726 270 1842 'Quo
292 1766 448 1853 promissa
470 1767 597 1844 cadant,
621 1780 653 1859 et
677 1769 799 1831 somnia
823 1768 1036 1856 Pythagorea.

196 1897 329 1963 Naevius
352 1897 385 1961 iu
410 1898 557 1964 manibus
578 1921 643 1963 non
665 1912 724 1978 est,
749 1911 781 1964 et
805 1899 965 1964 mentibus
988 1897 1088 1962 haeret
1147 1961 1150 1966 .

195 2032 281 2095 Pane
304 2036 435 2096 recens?
465 2032 545 2097 adeo
568 2044 712 2097 sanctum
736 2046 784 2097 est
807 2046 899 2097 vetus
922 2054 1016 2095 omne
1039 2039 1160 2118 poema.
1203 2074 1205 2078 Α

135 2175 171 2227 55
196 2163 382 2252 Ambigitur
404 2167 564 2252 quotiens,
589 2180 662 2231 uter
685 2178 759 2231 utro
783 2168 824 2231 sit
847 2166 954 2255 prior:
979 2165 1085 2229 aufert

196 2298 359 2361 Pacuvius
381 2297 468 2363 docti
490 2298 609 2364 famam
633 2301 726 2379 senis,
751 2301 867 2365 Accius
890 2299 965 2363 alti:

195 2429 326 2494 Dicitur
348 2430 460 2495 Afrani
483 2443 559 2518 toga
582 2435 763 2500 convenisse
788 2393 968 2498 Menandro
979 2448 990 2494 ι·

197 2562 334 2626 Plautus
356 2563 403 2629 ad
421 2534 583 2652 exemplar
608 2567 708 2631 Siculi
730 2589 902 2654 properare
926 2563 1131 2653 Epicharmi:

197 2690 330 2761 Vincere
355 2697 504 2763 Caecilius
527 2699 697 2786 gravitate,
723 2700 897 2763 Terentius
919 2710 1006 2762 arte:

133 2833 172 2894 60
194 2831 267 2894 Hos
290 2829 413 2908 ediscit,
437 2843 469 2896 et
492 2831 550 2896 hos
573 2844 643 2897 arto
668 2832 786 2921 stipata
808 2832 933 2896 theatro

117 2938 120 2950 ⁸
197 2963 326 3050 Spectat
351 2965 456 3028 Roma
478 2977 611 3052 potens;
637 2966 733 3031 habet
756 2965 814 3029 hos
837 2937 1048 3049 numeratque
1071 2968 1181 3050 poetas

196 3094 248 3157 Ad
270 3106 416 3160 nostrum
440 3109 568 3185 tempus
591 3100 668 3163 Livi
692 3083 854 3187 scriptoris
877 3098 919 3163 ab
942 3120 1020 3161 aevo.
1117 3109 1119 3114 '

157 3282 160 3289 .
197 3226 366 3292 Interdum
390 3229 506 3316 volgus
528 3243 652 3319 rectum
676 3231 782 3296 videt:
808 3242 855 3295 est
879 3230 936 3295 ubi
960 3238 1079 3317 peccat.

196 3359 231 3422 Si
254 3371 376 3424 veteres
399 3361 445 3426 ita
467 3363 603 3427 miratur
626 3363 802 3450 laudatque
820 3350 947 3451 poetas,

134 3495 171 3557 65
194 3481 244 3557 Ut
266 3492 347 3556 nihil
370 3496 538 3574 anteferat,
563 3496 644 3561 nihil
667 3497 730 3560 illis
754 3505 923 3583 conparet:
949 3506 1051 3561 errat:
1128 3531 1130 3535 <

197 3625 231 3689 Si
255 3626 403 3717 quaedam
425 3628 521 3693 nimis
543 3630 688 3715 antique,
713 3630 738 3693 si
761 3631 915 3717 pleraque
938 3629 1025 3693 dure

195 3757 311 3822 Dicere
334 3759 418 3824 cedit
441 3785 505 3838 eos,
530 3763 645 3848 ignave
667 3762 771 3826 multa
793 3762 934 3835 fateturt
1025 3769 1026 3775 ’

196 3891 243 3955 Et
267 3892 362 3979 sapit,
386 3905 418 3959 et
442 3916 565 3958 mecum
589 3895 678 3974 facit,
703 3906 734 3960 et
758 3897 842 3960 Jove
862 3895 988 3983 judicat
1011 3914 1113 3978 aequo.

196 4024 271 4087 Non
294 4011 443 4111 equidem
467 4026 616 4106 insector,
641 4027 815 4092 delendave
837 4027 977 4092 carmina
1000 4024 1093 4090 Laevi
1157 4089 1159 4091 ,

133 4169 172 4228 70
195 4157 277 4222 Esse
301 4182 383 4238 reor,
407 4161 535 4225 memini
560 4183 634 4248 quae
657 4161 826 4249 plagosum
849 4160 927 4224 mihi
951 4168 1053 4246 parvo

197 4291 359 4356 Orbilium
383 4293 521 4368 dictare;
548 4294 602 4356 sed
627 4294 792 4358 emendata
816 4293 917 4357 videri

223 4466 578 4526 v.46.Vulg.Er1nuunum.
654 4466 755 4514 lala
829 4467 866 4512 67.
884 4466 991 4515 Carnu.
1064 4462 1182 4512 69.L1v1.
