2844 5130
489 411 526 487 Q.
552 406 769 472 ΗΟΙίΑΤΙΙΙ
797 407 972 472 FLACCI
1076 420 1078 424 “

305 646 308 651 ·
352 603 473 691 ‘Nigris
496 615 552 668 aut
576 603 771 693 Erymanthi

408 736 514 816 Silvis,
539 749 595 802 aut
619 737 730 802 viridis
755 732 896 823 Cragiz*

315 873 380 936 Vos
403 873 527 959 Tempe
550 873 684 937 totidem
706 864 810 936 tollite
832 869 995 949 laudibus,

252 1016 288 1067 10
311 998 534 1091 Natalemque,
558 1027 671 1082 mares,
697 1005 802 1068 Delon
826 1002 996 1091 Apollinis,

359 1139 588 1228 lnsignemque
610 1139 761 1227 pharetra

408 1274 629 1361 Fraternaque
650 1272 821 1338 humerum
843 1271 924 1359 lyra.

320 1407 385 1470 Hic
407 1404 529 1471 bellum
551 1407 766 1484 lacrimosum,
790 1405 842 1470 hic
866 1406 1013 1470 miseram
1036 1403 1154 1470 famem

319 1540 512 1625 Pestemque
535 1563 555 1603 a
576 1539 698 1627 populo
721 1549 753 1602 et
776 1539 922 1627 principe
946 1540 1072 1603 Coesare
1095 1537 1130 1601 in

258 1683 294 1734 15
363 1671 477 1738 Persas
500 1681 598 1759 atque
622 1670 794 1736 Britannos

410 1786 525 1871 Vestra
547 1816 654 1869 motus
676 1815 751 1891 aget
773 1826 874 1892 prece.

547 2238 549 2241 ·
661 2212 806 2287 XXII.

496 2440 548 2488 AD
578 2439 775 2488 ARISTIUM
806 2437 973 2488 FUSCUM.
1094 2505 1097 2510 Ι

367 2595 536 2678 lnsnsna
560 2611 647 2691 vitae,
673 2611 861 2699 scelerisque
883 2633 986 2698 purus

366 2747 441 2810 Non
464 2756 536 2834 eget
560 2745 688 2809 Mauris
708 2744 836 2833 jaculis,
860 2744 966 2832 neque
988 2765 1076 2821 arcu,

365 2880 434 2944 Neo
456 2878 620 2943 venenatis
643 2878 777 2965 gravida
801 2877 936 2965 sagittis,

457 3013 573 3089 Fusae,
597 3010 768 3098 pharetra3

325 3158 343 3210 5
368 3145 443 3209 Sive
466 3166 523 3232 per
548 3143 654 3231 Syrtis
674 3124 738 3208 iter
761 3155 925 3222 aestuosas,

368 3277 442 3342 Sive
464 3277 611 3341 facturus
634 3299 692 3363 per
714 3276 939 3364 inhospitalem

366 3381 558 3487 Cauaseum,
582 3408 634 3472 vel
658 3432 733 3496 quae
755 3409 826 3472 loca
848 3407 1015 3473 fabulosus

378 3634 380 3638 .
458 3539 590 3603 Lambit
615 3539 797 3628 Hydaspes.

365 3672 522 3759 Namque
537 3692 588 3736 me
612 3672 693 3737 silva
715 3673 814 3760 lupus
836 3671 870 3735 in
895 3671 1024 3748 Sabina,
1135 3678 1142 3691 ¹

305 3816 342 3867 10
366 3805 455 3868 Dum
479 3826 581 3867 meam
604 3815 699 3868 canto
723 3804 881 3891 Lalagen,
905 3814 937 3868 et
960 3802 1047 3868 ultra
1081 3792 1093 3825 ²

366 3935 556 4000 Terminum
581 3935 667 4000 curis
689 3948 789 4022 vagor
812 3935 993 4023 expeditus,

457 4068 560 4155 Fugit
583 4068 752 4131 inermem:
966 4038 969 4043 .

365 4200 469 4276 Quale
489 4173 804 4287 portentumneque
826 4200 974 4265 militaris

365 4331 496 4397 Daunia
517 4332 551 4397 in
564 4332 648 4398 latis
671 4332 728 4398 alit
753 4331 929 4405 aesouletis;
