2844 5130
132 423 199 493 142

483 429 520 506 Q.
546 426 759 492 HORATII
792 424 969 492 FLACCI

253 639 292 690 20
406 626 521 690 Uncus
542 625 644 704 abest,
667 624 895 712 liquidumque
917 623 1098 711 plumbum.
1106 623 1115 631 ”

316 759 368 822 Te
393 759 483 846 Spes,
508 769 540 822 et
562 757 637 824 albo
660 780 733 822 rara
756 754 854 822 Fides
876 756 954 822 colit
1018 839 1022 848 ‚

315 889 428 954 Velata
450 911 568 978 panno,
592 912 651 955 nec
674 889 822 955 comitem
845 889 994 977 abnegat,

360 1023 550 1109 Utcumque
572 1033 699 1088 mutata
719 1021 861 1110 potentis

405 1156 501 1220 Veste
524 1154 635 1220 domos
657 1154 786 1221 inimica
806 1154 937 1242 linquis.

253 1298 290 1350 25
315 1287 359 1351 At
381 1286 497 1375 volgus
519 1286 669 1365 infidum,
693 1299 725 1352 et
748 1287 899 1352 meretrix
922 1297 1009 1351 retro

315 1419 453 1507 Perjura
475 1418 577 1483 cedit:
603 1417 782 1506 diffugiunt
805 1419 892 1484 cedis

266 1568 269 1589 ¹
361 1552 447 1616 Cum
470 1550 549 1616 faeoe
573 1551 697 1616 siccatis
719 1550 825 1629 antici,

343 1747 348 1757 .
405 1682 506 1747 Ferre
525 1683 645 1770 jugum
667 1682 788 1770 pariter
811 1680 924 1750 dolosi.
954 1646 957 1651 Δ

318 1817 431 1879 Serves
453 1815 577 1880 iturum
602 1816 761 1879 Caesarem
783 1814 818 1878 in
841 1812 973 1877 ultimos

253 1959 291 2010 30
316 1947 412 2013 Orbis
437 1947 620 2026 Britannos,
644 1959 676 2012 ct
695 1948 854 2035 juvenum
876 1967 985 2010 recens

360 2080 509 2143 Examen
532 2078 611 2143 Eois
635 2077 813 2143 timendum

405 2211 560 2275 Partibus
584 2211 777 2296 Oceanoque
800 2207 908 2274 rubro.
1008 2282 1012 2295 Ι

315 2343 423 2421 Eheu,
447 2343 631 2408 cicatricum
653 2354 685 2408 et
710 2342 840 2406 sceleris¹
857 2341 970 2429 pudet,

315 2477 542 2563 Fratrumque.
568 2475 649 2562 quid
672 2498 729 2539 nos
752 2474 836 2539 dura
857 2475 1036 2564 refugimus

252 2620 288 2672 35
360 2610 478 2673 AEtas?
508 2607 589 2694 quid
611 2608 770 2673 intactum
792 2608 908 2673 nefasti

405 2739 601 2826 Liquimus?
633 2739 719 2804 unde
742 2761 872 2804 manum
891 2740 1047 2827 juventus

315 2874 411 2938 Metu
435 2873 579 2937 Deorum
599 2845 786 2937 continuit?
817 2872 936 2960 quibus

205 3009 207 3013 ’
315 3009 464 3098 Pepercit
488 3009 574 3073 aris?
605 3009 771 3073 butinam
795 3031 879 3072 nova

361 3141 486 3208 Incude
510 3141 652 3230 defingas
675 3124 824 3207 retusum
842 3142 877 3206 in

252 3287 290 3338 40
406 3276 606 3362 Massagetas
629 3273 816 3359 Arabasque
839 3273 970 3337 ferrum.

623 3606 829 3680 XXXVI.

315 3781 376 3862 Er
401 3794 473 3863 ture
496 3808 528 3862 et
551 3796 671 3861 fidibus
690 3798 786 3885 juvat

364 3930 506 4006 Placare,
531 3941 564 3994 et
586 3929 683 3993 vituli
707 3930 861 4017 sanguine
884 3929 994 3994 debito

318 4062 475 4127 Custodes
499 4061 650 4126 Numidae
674 4061 778 4124 Deos:

362 4196 425 4273 Qui
448 4217 533 4259 nunc
558 4193 716 4281 Hesperia
739 4217 846 4282 sospes
868 4195 910 4259 ab
933 4193 1057 4259 ultima·

281 4400 283 4404 Α
368 4384 392 4415 ν.
402 4368 440 4416 30.
456 4367 532 4422 Forte,
548 4359 651 4424 ultimos,
668 4368 734 4426 Ono,
749 4366 885 4418 Britannos.
1006 4367 1044 4414 39.
1060 4365 1211 4414 Drrnuons.
