2844 5130
453 486 725 551 SERMONUM
758 486 836 552 Lis,
854 483 903 550 11.
932 499 956 549 1.

216 682 446 769 Decoqueretur
468 685 552 762 olus,
577 685 670 750 soliti.
697 683 854 771 quicquid
878 707 948 748 sum
971 696 1042 771 ogo,
1055 684 1214 770 ,quamvis
1307 734 1310 742 -

173 824 198 880 75
216 814 295 878 Infra
318 815 428 881 Lucili
449 831 579 886 censum
602 817 850 903 ingeniumque;
877 828 982 882 tamen
1006 835 1057 881 me
1174 832 1178 838 ·

217 947 288 1011 Cum
311 949 435 1035 magnis
458 949 577 1013 vidisse
598 949 701 1014 invita
722 947 878 1015 fatebitur
902 971 1004 1034 usque

217 1079 351 1155 Invidia3
377 1092 410 1145 et
432 1081 542 1170 fragili
565 1104 712 1168 quaerens
733 1080 868 1147 inlidere
891 1080 1030 1157 dentem,

216 1210 352 1277 Offendet
376 1205 495 1281 solido:
520 1213 584 1277 nisi
604 1213 685 1300 quid
709 1223 757 1291 tu,
781 1214 874 1278 docte
898 1211 1045 1288 Trebati,

216 1342 372 1409 Dissentisa
418 1346 581 1432 Equidem
607 1345 688 1410 nihil
711 1346 785 1410 hinc
809 1343 974 1432 diffingere
995 1364 1134 1431 possum
1187 1373 1192 1384 ·

170 1475 268 1538 cased
290 1488 397 1543 tamen
420 1489 458 1542 ut
482 1480 622 1546 monitus
635 1503 768 1557 ‚caveas
788 1501 833 1545 :ne
855 1478 938 1542 forte
962 1477 1070 1565 negoti
1153 1522 1155 1528 ,

215 1604 347 1674 Incutiat
369 1610 431 1675 tibi
452 1611 534 1697 quid
558 1622 738 1678 sanctarum
760 1609 887 1677 inscitia
909 1610 1017 1696 legum
1027 1633 1040 1672 :-

218 1739 244 1801 Si
264 1742 345 1806 mala
368 1743 546 1809 condiderit
568 1744 603 1807 in
625 1765 722 1830 quem
745 1742 818 1828 quis
841 1741 991 1819 earmina,
1011 1740 1067 1826 jus
1089 1751 1142 1804 est
1190 1753 1193 1759 “

215 1871 443 1963 Judiciumque.
490 1876 592 1940 Esto:
618 1875 644 1939 si
667 1875 742 1963 quis
763 1874 857 1939 mela.
882 1872 1044 1946 sedbona
1062 1871 1093 1939 si
1116 1871 1200 1957 quis·

214 2003 321 2072 Judice
342 2007 521 2073 condiderit
543 2007 695 2073 laudatus
720 2009 869 2073 Caesare?
901 2005 1023 2092 siquis
1135 2016 1138 2020 ’
1206 2003 1211 2012 ’

132 2121 133 2125 “
166 2143 195 2194 85
214 2136 393 2224 Opprobriis
414 2131 552 2228 ,dignum
575 2141 775 2218 laceraverit,
797 2140 921 2226 integer
944 2137 1036 2224 ipse?

214 2269 374 2337 Solventur
396 2273 464 2338 risu
487 2273 626 2338 tabulae:
653 2284 690 2338 tu
714 2273 829 2339 missus
844 2271 964 2338 abibis.

569 2717 764 2777 ECLOGA
792 2718 833 2776 ΙΙ.

207 2915 293 3016 Qun
318 2937 423 3003 virtus
445 2949 477 3003 et
500 2949 633 3026 quanta,
658 2937 746 3014 boni,
771 2937 813 3001 sit
835 2937 942 3003 vivere
965 2961 1076 3026 parvo,

205 3070 285 3152 (Nec
307 3092 399 3136 meus
421 3070 474 3134 hic
496 3093 600 3135 sermo
623 3081 690 3144 est3
717 3069 772 3134 sed
795 3093 870 3155 quae
893 3071 1047 3157 praecepit
1062 3071 1198 3136 Ofellus

203 3203 369 3281 Rusticus,
393 3203 554 3268 abnormis
579 3203 723 3289 Sapiens,
748 3225 916 3288 crassaque
940 3203 1105 3289 Minerva)

201 3335 335 3414 Discite,
358 3358 421 3400 non
445 3335 530 3400 inter
552 3337 658 3400 lances
681 3357 869 3420 mensasque
892 3334 1043 3408 nitentis;

159 3478 177 3530 5
203 3468 286 3531 Cum
310 3478 419 3553 stupet
441 3466 561 3531 insanis
584 3468 666 3531 acies
688 3466 882 3553 fulgoribus,
906 3478 938 3530 et
962 3489 1035 3530 cum

200 3597 343 3662 Adclinis
365 3599 456 3663 falsis
478 3599 605 3663 animus
623 3599 757 3663 meliora
779 3611 922 3664 recusat:

201 3730 321 3794 Verum
343 3729 397 3794 hic
418 3730 562 3818 inpransi
584 3753 712 3795 mecum
732 3731 910 3818 disquirite.
958 3730 1122 3807 Cur-hoc,

200 3861 327 3940 Dicam,
352 3863 377 3943 si
402 3875 523 3950 potero.
548 3864 630 3928 mate
653 3887 765 3928 verum
787 3864 948 3928 examinat
971 3863 1073 3928 omnis

203 3995 384 4082 Corruptus
403 3995 516 4084 judex.
546 3997 687 4083 leporem
711 4009 860 4075 sectatus,
888 4020 1010 4082 equove

137 4140 175 4191 10
202 4127 321 4193 Lassus
344 4129 386 4193 ab
409 4129 586 4202 indomito,
612 4130 664 4193 vel
689 4131 730 4214 (si
755 4132 901 4196 Romana
922 4129 1042 4216 fatigat

288 4367 311 4404 v.
322 4352 359 4398 79.
376 4350 450 4409 Vulg.
467 4350 515 4398 Hrc
531 4367 689 4400 nrrrmnnns.
864 4352 902 4398 84.
919 4327 1066 4399 Lnunnrun.

322 4443 359 4490 85.
375 4434 546 4492 Lusit-snm.
872 4442 906 4490 ³2.
923 4432 1009 4500 Quum.

1260 487 1304 549 43
