2828 5122
398 474 667 538 CARMINUM
700 475 777 538 Lrs.
797 475 857 537 IV.

276 672 390 736 Videre
414 673 516 738 Raetis
538 673 622 737 bella
646 672 705 737 sub
730 672 866 760 Alpibus

272 805 418 868 Drusum
439 816 601 892 gerentem
626 803 800 878 Vindelici3
826 801 945 889 quibus

316 938 392 1001 Mos
416 937 502 1002 unde
525 937 682 1002 deductus
704 959 762 1025 per
785 958 877 1001 omne

207 1083 247 1132 20
362 1052 507 1157 Tempus
530 1071 703 1135 Amazonia
727 1071 828 1134 securi

270 1204 411 1268 Dextras
434 1203 589 1282 obarmet,
613 1227 756 1290 quaerere
779 1203 909 1267 distuli:

271 1336 339 1400 Nec
363 1335 442 1400 scire
464 1335 513 1399 fas
536 1347 583 1400 est
606 1337 728 1400 omnia:
755 1334 809 1399 sed
832 1320 888 1398 diu

315 1470 462 1556 Lateque
485 1469 631 1533 victrices
653 1480 788 1533 catervae

360 1600 509 1666 Consiliis
528 1601 656 1689 juvenis
679 1623 830 1688 repressae

206 1744 243 1796 25
269 1734 410 1811 Sensere,
435 1733 515 1820 quid
538 1755 625 1798 mens
647 1733 719 1811 rite,
744 1734 824 1822 quid
847 1732 968 1796 indoles

268 1866 402 1930 Nutrita
425 1867 540 1932 sanctis
563 1867 624 1932 sub
647 1866 865 1955 penetralibus

312 2000 436 2078 Posset,
461 2000 541 2086 quid
565 2000 704 2088 Augusti
727 2011 880 2087 paternus

358 2133 397 2196 In
421 2154 538 2223 pueros
562 2133 686 2197 animus
710 2134 861 2197 Nerones.

268 2265 381 2328 Fortes
404 2275 553 2329 creantur
576 2266 715 2331 fortibus
738 2265 901 2330 ethonis:

203 2408 241 2458 30
264 2396 326 2460 Est
349 2395 382 2460 in
402 2396 561 2484 juvencis,
585 2408 632 2462 est
655 2399 689 2462 in
712 2398 804 2485 equis
826 2409 956 2485 patrum
1070 2474 1072 2477 v

310 2528 440 2603 Virtus3
466 2508 570 2616 neque
592 2531 742 2596 inbellem
765 2531 908 2596 feroces-

356 2663 575 2749 Progenerant
598 2651 716 2749 aquilae
739 2663 928 2735 columbam.

197 2809 199 2813 ’
265 2794 421 2859 Doctrina
444 2796 499 2861 sed
522 2797 588 2860 vim
610 2807 776 2884 promovet
798 2797 938 2875 insitam,

264 2928 423 3013 Rectique
446 2928 554 2992 cultus
576 2940 705 3016 pectora
728 2929 900 2994 roborant:

200 3071 237 3122 35
308 3060 497 3145 Utcumque
519 3059 661 3125 defecere
676 3049 797 3138 mores,

353 3190 556 3256 Dedecorant
578 3193 659 3258 bene
681 3203 758 3257 nata
779 3192 894 3279 culpae.

263 3322 350 3400 Quid
373 3323 500 3402 debeas,
524 3325 544 3387 ὃ
568 3325 685 3402 Roma,
709 3325 903 3402 Neronibus,

265 3456 373 3520 Testis
397 3457 586 3521 Metaurum
609 3457 741 3535 flumen,
765 3469 797 3521 et
822 3455 1008 3521 Hasdrubal

306 3590 483 3670 Devictus,·
498 3601 531 3655 et
553 3590 687 3679 pulcher
710 3590 831 3678 fugatis

198 3733 237 3785 40
351 3723 413 3788 Ille
435 3723 503 3789 dies
527 3723 623 3788 Latio
647 3724 795 3802 tenebris,

90 3908 93 3916 .
196 3838 199 3845 ’
261 3856 325 3932 Qui
348 3856 471 3943 primus
494 3856 578 3920 alma
600 3855 671 3920 risit
694 3856 827 3929 adorea3

259 3988 360 4051 Dirus
382 4010 440 4075 per
464 3984 553 4053 urbis
577 3989 655 4053 Afer
678 4000 715 4053 ut
740 3989 851 4066 Italas,

305 4121 374 4185 Ceu
397 4121 525 4186 flamma
547 4145 606 4208 per
630 4122 740 4200 taedas,
764 4120 815 4185 vel
838 4121 949 4183 Eurus

351 4254 415 4317 Per
440 4253 563 4317 Siculas
586 4251 743 4339 equitavit
767 4225 890 4316 undas-¹

131 4441 154 4474 v.
167 4426 202 4475 17.
219 4426 293 4498 Vulg.
308 4426 408 4479 Raram.
482 4428 520 4476 24.
537 4426 660 4476 Rarrcra.
734 4428 771 4477 26.
788 4425 898 4476 Fartus.
953 4427 1004 4488 131.
1021 4427 1084 4476 Nac-
