2844 5130
231 138 249 189 5
274 125 434 192 Fervidus
457 138 562 191 tecum
585 148 678 213 puer,
703 137 734 191 et
759 127 872 191 solutis

274 258 397 323 Gratiae
421 258 520 335 zonis,
544 269 781 345 properentque
805 259 980 347 Nymphae,

258 373 318 454 'Et
340 412 456 477 parum
480 391 578 454 comis
602 391 668 454 sine
691 401 724 454 te
747 392 917 468 luventas,

362 523 625 610 Mercuriusque..

557 808 723 882 XXXI.

483 1006 533 1083 Al)
564 1005 805 1053 APOLLINEM.

274 1157 377 1255 Qum
402 1174 584 1240 dedicatum
607 1175 710 1263 poscit
734 1175 916 1263 Apollinem

272 1311 392 1373 Vates?
426 1306 506 1394 quid
530 1319 611 1386 orat,
636 1307 677 1372 de
699 1319 812 1394 patera
833 1329 953 1381 novum
1001 1367 1006 1380 ,

318 1440 473 1505 Fundens
495 1440 678 1526 liquorem?
711 1463 777 1504 non
800 1441 917 1527 opimae

365 1571 519 1637 Sardiniae
544 1583 664 1659 segetes
687 1571 820 1647 feracis3

232 1718 249 1769 5
273 1706 349 1769 Non
373 1717 519 1770 aestuosae
541 1715 635 1792 grata
659 1704 819 1770 Calabriae

272 1838 443 1908 Armenta;
470 1858 534 1900 non
557 1859 685 1915 aurum,
710 1848 767 1901 aut
790 1837 872 1901 ebur
896 1836 1070 1912 Indicum

317 1970 391 2033 Non
416 1991 503 2047 rura,
528 1992 603 2055 quae
628 1968 715 2033 Liris
738 1970 850 2055 quieta

362 2077 495 2166 Mordet
518 2124 603 2188 aqua
626 2102 806 2167 taciturnus
829 2103 940 2169 amnis.

273 2236 426 2300 Premant
450 2233 602 2299 Calenam
625 2233 718 2314 falce,
742 2235 863 2321 quibus
886 2235 976 2303 dedit
1000 2271 1004 2279 ·

212 2383 249 2433 10
272 2370 430 2445 Fortuna,
454 2367 572 2442 vitem3
598 2367 687 2433 dives
710 2379 748 2432 ut
771 2369 876 2434 aureis

316 2502 480 2564 Mercator
503 2498 642 2564 exsiccet
664 2499 794 2565 culullis

362 2632 445 2697 Vina
470 2633 552 2720 Syra
574 2642 723 2717 reparata
745 2654 860 2707 merce,

271 2765 332 2829 Dis
355 2787 448 2829 carus
470 2763 566 2850 ipsis:
593 2763 715 2850 quippe
738 2774 787 2827 ter
810 2774 842 2827 et
866 2774 980 2851 quater

271 2903 364 2963 Anno
387 2897 527 2961 revisens
550 2917 661 2983 aequor
685 2895 883 2960 Atlanticum

212 3044 246 3095 15
318 3031 455 3118 inpune.
480 3052 530 3093 me
552 3040 686 3116 pascant
711 3028 816 3107 olivae,

364 3162 422 3226 Me
445 3160 599 3240 cichorea,
623 3161 774 3247 levesque
796 3160 919 3224 melvae.

273 3295 355 3360 Frui
377 3293 499 3382 peratis
521 3304 554 3356 et
576 3292 685 3357 valido
708 3292 797 3371 mihi,

273 3430 387 3506 Lame,
412 3427 530 3502 dones;
556 3450 604 3504 ac,
629 3447 753 3513 precor,
777 3427 903 3514 integra

320 3564 405 3628 Cum
427 3571 534 3626 mente
556 3583 614 3626 nec
638 3572 766 3648 turpem
790 3571 948 3626 senectam
979 3655 984 3662 ἱ

210 3709 249 3759 20
364 3697 501 3784 Degere,
525 3718 582 3760 nec
606 3693 730 3759 cithara
752 3706 920 3759 carentem.

132 3887 156 3922 r.
167 3871 189 3918 9.
208 3869 280 3928 l'ulg.
298 3869 410 3918 Cuneus.
471 3871 507 3919 10.
524 3869 597 3919 Dives
608 3885 637 3917 nr
647 3885 697 3918 aur.
734 3879 736 3882 ⁴
759 3870 794 3917 15.
810 3868 934 3917 Plscusr.
