2844 5130
432 483 702 548 CARMINUM
733 485 811 547 Lra.
829 485 887 547 IV.

317 682 387 746 Nm
413 682 558 746 Claudiae
580 704 644 747 nou
668 681 838 769 perficiunt
860 702 992 754 manus;

318 817 406 893 Quas
428 825 460 880 et
482 816 622 904 benigno
644 816 775 880 numine
797 817 820 879 J
823 814 952 902 uppiter

256 959 294 1017 75
349 949 531 1027 Defendit,
554 960 586 1013 et
609 972 695 1014 curae
719 971 845 1035 sagaces
876 953 880 963 '
979 1021 981 1025 ¹

408 1082 597 1170 Expediunt
620 1105 677 1170 per
700 1095 794 1147 acuta
815 1081 901 1147 belli.

644 1573 693 1647 V.

516 1825 566 1874 AD
597 1824 824 1874 AUGUSTUM.

323 1982 439 2065 Drvrs
462 2000 656 2080 ottobonis,
679 2002 799 2089 optime
824 2002 972 2066 Romulae

324 2133 442 2199 Custos
464 2134 579 2220 gentis,
604 2134 678 2222 abes
697 2134 765 2221 jam
788 2133 922 2197 nimium
946 2133 1020 2197 diu:

324 2268 493 2331 Moturum
516 2267 655 2332 reditum
678 2267 840 2354 pollicitus
864 2269 999 2332 Patrum

414 2400 531 2462 Sancto
554 2398 698 2477 concilio,
720 2399 798 2463 redi.

283 2539 301 2590 5
326 2529 448 2594 Lucem
471 2529 569 2593 redde
591 2540 668 2608 tuae,
693 2529 761 2594 dux
783 2531 877 2608 bone,
901 2530 1033 2619 patriae:

325 2661 431 2726 Instar
453 2656 536 2726 ueris
559 2662 643 2726 enim
668 2663 774 2726 voltus
797 2663 854 2727 ubi
878 2673 955 2727 tuus

325 2794 469 2858 Adfulsit
491 2796 631 2882 popul03
656 2795 778 2883 gratior
800 2794 827 2858 it
850 2795 929 2873 dies,

416 2927 462 2990 Et
486 2928 566 2991 soles
589 2922 702 2991 melius
725 2928 837 2992 nitent.

325 3059 383 3122 Ur
397 3071 497 3123 mater
516 3060 680 3146 juvenem,
704 3082 800 3147 quem
824 3061 931 3125 Notus
952 3059 1064 3123 invido

267 3204 303 3256 10
327 3192 426 3256 Flatu
450 3194 617 3281 Carpathii
640 3207 728 3259 trans
750 3194 847 3258 maris
869 3217 1000 3281 aequora

327 3324 544 3411 Cunctantem!
563 3326 666 3413 spatio
688 3327 816 3414 longius
838 3347 944 3390 annuo

418 3459 516 3550 Dulci
539 3460 670 3524 distinet
693 3483 712 3524 a
734 3460 840 3538 domo,

211 3642 215 3655 ,
327 3592 420 3656 Votis
442 3593 668 3679 ominibusque
690 3604 722 3656 et
745 3593 894 3680 precibus
918 3604 1030 3667 vocat;

328 3725 438 3789 Curvo
461 3747 518 3789 nec
540 3725 653 3790 faciem
676 3726 770 3790 litore
792 3725 957 3790 demovet:
1042 3790 1045 3795 .

268 3869 303 3920 15
329 3859 381 3922 Sic
404 3858 569 3923 desideriis
591 3861 655 3924 icta
677 3860 826 3925 fidelibus

420 3990 544 4068 Quaerit
567 3992 671 4077 patria
696 3991 862 4056 Caesarem.

330 4123 440 4186 Tutus
461 4109 520 4186 bos
544 4124 659 4187 etenim
683 4147 759 4187 rura
780 4122 1000 4210 perambulat:

329 4256 443 4320 Nutrit
466 4257 553 4321 farra
576 4258 684 4336 Ceres,
708 4257 855 4343 almaque
879 4256 1062 4320 Faustitas:

319 4445 342 4480 ν.
353 4430 390 4477 73.
410 4429 481 4488 l'ulg.
499 4429 659 4478 Panrrcrasr.
808 4431 844 4478 18.
861 4429 943 4478 Nutrit
959 4428 1044 4478 Runa.
