2844 5130
428 436 699 553 SERMONUM
731 490 808 554 Lm.
827 490 875 553 Il.
900 503 927 555 3.

185 683 275 770 Atqui
299 686 408 750 voltus
431 697 499 750 erat
521 687 624 752 multa
646 699 677 752 et
701 688 854 774 praeclara
875 689 1037 768 minantis,

143 826 168 876 10
186 816 212 879 Si
233 840 373 883 vacuum
396 819 506 906 tepido
528 821 661 907 cepisset
683 821 797 886 villula
818 833 912 887 tecto.

183 949 336 1026 Quorsum
359 951 513 1038 pertinuit
537 952 655 1038 stipare
678 952 814 1018 Platona
836 953 1028 1033 Menandro,

186 1079 323 1166 Eupolin
347 1079 560 1146 Archilocho?
593 1083 723 1147 comites
745 1083 878 1149 educere
895 1088 1030 1168 tantos?

182 1211 335 1279 Invidiam
358 1216 485 1301 placare
504 1239 612 1304 paras,
635 1218 756 1283 virtute
778 1218 912 1282 relicta?

183 1327 397 1424 Contemnere,
421 1349 524 1413 miser.
547 1349 680 1414 vitanda
701 1361 750 1414 est
771 1349 909 1437 inproba
931 1349 1023 1414 Siren

139 1489 165 1540 15
179 1454 324 1557 ¹Desidia;
349 1494 406 1547 aut
430 1481 584 1570 quioquid
608 1485 677 1549 vita
697 1447 830 1550 meliore¹
848 1486 968 1573 parasti

182 1613 363 1680 Ponendum
386 1599 480 1704 aequo
502 1617 617 1681 animo.
664 1618 710 1681 Di
732 1630 774 1695 te,
800 1618 1005 1706 Damasippe,
1030 1619 1172 1706 Deaeque

182 1746 291 1812 Verum
314 1747 358 1812 ob
380 1749 546 1813 consilium
569 1750 689 1815 donent
712 1761 847 1815 tonsore.
872 1750 928 1815 sed
950 1750 1037 1817 unde
1156 1753 1159 1820 J

182 1879 256 1946 Tam
279 1882 361 1949 bene
383 1905 434 1948 me
456 1885 563 1949 nosti?
603 1886 780 1972 Postquam
801 1885 903 1949 omnis
925 1907 976 1949 res
998 1907 1068 1950 mea
1090 1888 1212 1950 Janum
1283 1972 1285 1976 Ι

181 2013 224 2077 ld
245 2015 388 2080 medium
410 2016 513 2081 fracta
535 2027 602 2093 est3
627 2017 730 2082 aliena
752 2017 881 2105 negotia
902 2039 991 2095 curo,

136 2153 165 2205 20
181 2146 340 2215 Excussus
362 2151 508 2238 propriis.
531 2151 609 2214 olim
631 2173 704 2216 nam
728 2174 871 2239 quaerere
888 2150 1048 2229 amabam,

181 2281 244 2360 Quo
266 2284 357 2349 vafer
378 2285 433 2349 ille
454 2279 551 2372 pedes
571 2285 700 2350 lavisset
725 2285 882 2374 Sisyphus
905 2309 986 2359 oere3

181 2414 259 2492 Quid
282 2417 446 2505 sculptum
468 2417 604 2497 infabre3
628 2419 707 2505 quid
730 2419 839 2484 fusum
862 2418 976 2484 durius
998 2430 1097 2484 esset:

182 2547 320 2615 Callidus
342 2549 418 2615 huic
441 2551 532 2639 signo
554 2551 709 2637 ponebam
733 2549 834 2614 millia
856 2563 1002 2615 centum:

182 2680 296 2747 Hortos
318 2682 526 2771 egregiasque
548 2683 659 2748 domos
681 2683 848 2748 mercarier
870 2705 955 2746 unus

136 2814 163 2868 25
182 2811 257 2876 Cum
278 2813 371 2877 lucro
394 2834 521 2878 noram:
546 2812 633 2877 unde
654 2812 835 2898 frequentia
857 2811 1051 2876 Mercuriale

181 2941 349 3032 Inposuere
369 2945 449 3019 ¹mihi
472 2967 644 3034 cognomen
667 2945 814 3033 compita.
862 2944 966 3019 Novi3

180 3070 219 3138 Et
240 3075 339 3140 miror
361 3075 465 3140 morbi
487 3088 661 3163 purgatum
685 3087 717 3139 te
739 3074 853 3167 illius
883 3074 985 3161 Atqui
1094 3044 1096 3047 ι

180 3201 311 3269 Emorit.
327 3216 464 3270 veterem
487 3206 566 3270 mire
588 3229 709 3280 novus3
735 3215 773 3268 ut
796 3203 895 3279 solet,'
910 3203 942 3267 in
966 3225 1020 3278 cor
1087 3257 1089 3260 ,

181 3330 326 3422 'l'rajecto
347 3335 455 3400 lateris
474 3335 583 3401 miseri
606 3335 759 3422 capitisve
781 3332 907 3397 dolore:

137 3465 164 3518 ³0
181 3463 223 3530 Ut
243 3467 438 3554 lethargicus
461 3468 512 3533 hic
535 3490 608 3533 cum
631 3468 668 3532 fit
690 3465 794 3555 pugil,
818 3476 850 3529 et
872 3465 1029 3530 medicum
1054 3476 1179 3552 urguet.

181 3595 262 3664 Dum
283 3600 428 3687 nequid
451 3601 552 3665 simile
574 3601 660 3678 huic,
684 3610 752 3664 esto
775 3597 923 3662 utlibet.
970 3598 998 3661 Ο
1021 3596 1115 3676 bone,
1139 3621 1178 3676 ne
1202 3611 1233 3664 te

181 3729 358 3801 Frustrere:
382 3736 501 3801 insanis
524 3747 556 3801 et
578 3746 627 3814 tu,
652 3734 808 3820 stultique
830 3716 930 3820 prope
952 3755 1071 3809 omnes,

182 3863 311 3957 Siquid
337 3868 507 3934 Stertinius
530 3867 598 3932 veri
619 3878 749 3954 crepat;
774 3864 859 3929 unde
882 3888 941 3952 ego
964 3865 1044 3929 mira

181 3993 337 4086 Descripsi
359 3998 470 4063 docilis
491 4010 652 4086 praecepta
674 3998 754 4074 haec,
778 4009 920 4082 ternpore
943 4017 1009 4081 quo
1031 4019 1080 4060 me

135 4125 163 4178 35
181 4126 299 4196 Solatus
318 4131 415 4218 jussit
438 4131 611 4219 sapientem
633 4153 760 4217 pascere
779 4129 926 4205 barbam,
1022 4174 1024 4177 ψ

180 4261 278 4351 Atque
301 4289 322 4330 a
345 4266 493 4331 Fabricio
516 4288 579 4330 non
603 4265 724 4330 tristem
747 4277 844 4349 ponte
867 4263 991 4330 reverti.

206 4452 228 4485 v.
239 4439 275 4486 12.
291 4437 366 4496 Vulg.
381 4437 576 4486 Ancnmocunu.
647 4435 686 4482 27.
702 4433 737 4480 Er
747 4447 825 4480 nonar
835 4449 927 4482 airaon.
991 4432 1203 4490 accamanus,

656 4536 689 4598 D
