2828 5122
463 460 735 528 CARMINUM
768 464 892 528 Lusi.

148 657 218 722 'Et
240 658 356 723 domus
379 660 472 726 exilis
497 661 669 729 Plutonia:
705 686 771 751 quo
795 663 890 728 simul
913 662 1039 740 mebris,

215 794 285 860 Nec
307 817 407 883 regna
429 796 496 860 vini
521 798 652 862 sortiere
675 797 768 873 talis3

168 928 237 991 Nec
259 939 407 993 tenerum
431 904 579 1018 Lycidan
603 929 770 1009 mirabere,
795 953 862 1017 quo
884 929 966 995 calet
986 930 1143 1017 juventus

102 1070 146 1121 20
214 1061 312 1124 Nunc
335 1060 448 1140 omnis,
472 1072 505 1125 et
528 1084 603 1126 mox
627 1062 768 1149 virgines
792 1061 958 1149 tepebunt.

529 1824 582 1872 ΑΙ)
614 1824 825 1874 PYRRHAM.

197 2027 210 2095 s
310 2015 407 2114 Qnrs
431 2035 535 2099 multa
557 2035 687 2123 gracilis
710 2047 742 2099 te
764 2054 846 2122 puer
869 2035 902 2098 in
925 2057 997 2100 rosa

307 2167 464 2233 Perfusus
486 2168 619 2256 liquidis
643 2180 762 2256 urguet
785 2167 938 2233 odoribus

353 2300 471 2388 Grato,
493 2300 632 2390 Pyrrha,
659 2300 720 2365 sub
743 2304 861 2364 antro?

397 2431 461 2494 Cui
484 2429 601 2496 flavam
624 2430 740 2518 religas
763 2451 898 2507 comam,

267 2573 285 2624 5
310 2561 453 2650 Simplex
479 2562 669 2633 munditiis?
704 2562 769 2626 heu
793 2563 920 2649 quoties
943 2561 1039 2627 iidem

306 2695 521 2782 Mutatosque
544 2696 632 2760 Deos
655 2694 757 2773 flebit,
781 2706 813 2759 et
837 2716 949 2782 aspera

353 2826 465 2915 Nigris
489 2850 621 2914 aequora
644 2829 748 2892 ventis

352 2944 354 2949 ⁵
389 2958 602 3023 'Emirabitur
624 2945 784 3035 insolens3
895 2957 897 2961 ’

307 3091 373 3170 Qui
395 3114 482 3157 nunc
505 3104 538 3157 te
560 3092 683 3157 fruitur
706 3092 857 3158 credulus
880 3110 988 3167 aurea,

248 3236 285 3288 10
308 3224 373 3303 Qui
398 3247 522 3313 semper
545 3244 691 3303 vacuam,
716 3248 840 3313 semper
864 3223 1032 3288 amabilem

355 3357 482 3444 Sperat,
507 3357 633 3421 nescius
656 3379 744 3421 aurae

397 3488 545 3554 Fallacia.
570 3488 689 3567 miseri,
713 3489 833 3575 quibus

311 3619 477 3685 Intentata
500 3620 590 3684 nites.
616 3642 667 3684 me
690 3620 803 3685 tabula
826 3642 913 3684 sacer

308 3751 425 3815 Votiva
447 3716 552 3839 paries
574 3751 697 3817 indicat
721 3751 822 3816 uvida

250 3894 285 3946 15
356 3883 566 3970 suspendisse
590 3884 714 3970 potenti

398 4016 596 4081 Vestimenta
619 4016 715 4080 maris
740 4017 819 4079 Deo.
