2828 5122
490 485 528 561 Q.
554 426 767 546 annrll
801 424 979 544 FLACCl

276 680 460 746 Muricibus
484 680 597 768 Tyriis
619 680 743 745 iteratae
766 679 885 744 vellera
907 678 989 742 lanae

320 815 384 878 Cui
407 812 689 901 properabantur?
715 810 774 876 tibi
798 833 930 898 nempe:

274 947 325 1010 Ne
347 946 431 1010 foret
454 944 588 1032 aequalis
610 944 695 1008 inter
718 944 864 1021 conviva,
888 940 993 1029 magis
1015 959 1113 1026 quem

261 1057 264 1068 ,
320 1078 479 1167 Diligeret
503 1077 618 1142 mulier
643 1099 711 1154 sua,
736 1098 834 1163 quam
857 1087 899 1139 te.

215 1224 251 1275 25
277 1212 305 1275 Ο
330 1234 390 1299 ego
413 1233 478 1274 non
500 1210 592 1289 felix,
617 1231 715 1295 quam
738 1220 776 1273 tu
799 1206 898 1294 fugis,
923 1217 960 1270 ut
984 1215 1082 1293 pavet
1105 1200 1189 1284 acris

321 1346 415 1436 Agna
437 1343 544 1430 lupos,
568 1363 755 1430 capreaeque
778 1341 892 1405 leones.

673 1625 797 1732 xur.

614 1851 666 1898 AD
683 1849 862 1899 nMICUM.

276 2013 460 2096 Hormus
484 2041 655 2121 tempestas
678 2033 794 2095 caelum
816 2030 997 2103 contraxit3
1023 2040 1055 2094 et
1078 2028 1198 2093 imbres

321 2163 487 2249 Nivesque
510 2162 676 2227 deducunt
699 2164 834 2227 Jovem:
861 2184 947 2227 nunc
970 2183 1069 2240 mare,
1093 2183 1180 2225 nunc
1206 2159 1303 2225 siluae

277 2294 429 2360 Threicio
453 2295 613 2383 Aquilone
637 2307 760 2360 sonant.
784 2295 959 2384 rapiamus,
983 2293 1096 2372 amice,

322 2427 527 2492 Occasionem
551 2426 592 2491 de
614 2426 685 2491 die:
710 2426 854 2514 dumque
877 2427 983 2492 virent
1005 2448 1124 2514 genua,

233 2575 250 2626 5
275 2562 323 2625 Et
346 2560 449 2638 decet,
473 2558 616 2625 obducta
640 2558 783 2624 solvatur
806 2560 913 2641 fronte
937 2570 1090 2625 senectus.

322 2693 378 2756 Tu
402 2692 477 2756 vina
502 2693 673 2781 Torquato
697 2715 789 2757 move
813 2693 942 2760 consule
965 2714 1077 2780 pressa
1099 2712 1180 2755 meo.

276 2827 392 2890 Cetera
414 2825 506 2891 mitte
529 2825 639 2912 loquiz
666 2825 757 2888 Deus
779 2825 848 2889 haec
871 2824 1009 2889 fortasse
1024 2822 1171 2910 ,benigna

320 2957 467 3022 Reducet
489 2956 523 3021 in
548 2956 654 3021 sedem
677 2956 755 3020 vice.
781 2978 866 3020 nunc
890 2967 923 3021 et
947 2953 1151 3023 Achoemeuio

275 3089 433 3155 Perfundi
457 3089 558 3156 nardo
577 3089 685 3176 juvat,
709 3100 742 3153 et
765 3087 829 3153 fide
853 3088 1008 3176 Cyllenea
1110 3128 1112 3132 ⁴

214 3238 250 3287 10
322 3224 446 3287 Levare
469 3222 559 3286 duris
582 3235 714 3309 pectora
737 3220 1027 3286 sollicitudinibus:

275 3354 403 3419 Nobilis
426 3365 465 3420 ut
487 3354 604 3441 grandi
627 3353 742 3420 cecinit
768 3355 952 3420 Centaurus
974 3353 1125 3426 alumno;

320 3487 486 3565 luvrcrn,
510 3487 654 3552 mortalis
677 3489 749 3552 Dea
770 3499 846 3552 nate
869 3506 952 3574 puer
977 3483 1130 3562 Thetide,
1244 3538 1249 3560 ,

276 3621 327 3684 Te
349 3632 457 3684 manet
481 3619 626 3683 Assaraci
649 3620 758 3696 tellus,
783 3641 882 3705 quam
904 3618 1025 3717 frigida
1047 3616 1142 3706 parvi

322 3750 470 3816 Findunt
495 3751 681 3815 Scamandri
705 3751 850 3829 flumina,
874 3751 1021 3817 lubricus
1043 3761 1076 3815 et
1101 3749 1241 3816 Simois:

217 3895 252 3947 15
276 3883 375 3948 Unde
399 3884 459 3949 tibi
482 3882 624 3948 reditum
647 3894 734 3948 certo
759 3882 938 3951 subtemine
962 3885 1074 3949 Parcae

323 4016 475 4103 Rupere;
501 4039 560 4083 nec
583 4026 684 4082 mater
707 4016 839 4081 domum
863 4018 983 4083 caerula
1005 4029 1038 4082 te
1060 4016 1202 4083 revehet.

280 4145 354 4211 Illic
376 4170 469 4213 omne
492 4149 613 4215 malum
636 4147 712 4214 vino
734 4159 897 4237 cantuque
919 4150 1036 4228 levato,

323 4278 488 4344 Deformis
510 4283 703 4368 aegrimoniae
727 4281 878 4348 dulcibus
901 4283 1060 4371 alloquiis.

324 4463 348 4496 v.
359 4448 382 4496 ³.
400 4448 472 4506 uun.
489 4450 577 4500 Aures.
693 4455 718 4502 8.
733 4453 900 4504 naumurum.
1020 4456 1057 4503 10.
1073 4453 1159 4502 Dran.
