2844 5130
487 437 526 515 Q.
553 433 766 500 HORA'I'II
798 431 976 498 FLACCI

407 635 575 722 Expertus
598 653 736 697 vacuum
761 630 917 696 Doedalus
940 637 1021 730 aera·

300 781 337 833 35
363 767 483 833 Pennis
504 789 570 830 non
593 765 715 830 homini
738 763 831 830 datis.

407 901 563 990 Perrupit
587 900 768 966 Acheronta
792 897 975 963 Herculeus
997 895 1099 982 labor.

362 1036 420 1102 Nil
442 1004 634 1099 mortalibus
656 1025 751 1098 ardui
773 1043 831 1097 est.v

409 1169 535 1234 Caelum
558 1167 667 1256 ipsum
690 1167 830 1254 petimus
853 1164 1004 1266 stultitia,
1030 1184 1136 1249 neque

362 1306 427 1370 Per
450 1315 597 1368 nostrum
621 1301 764 1389 patimur
788 1299 890 1365 scelus

300 1453 339 1504 40
409 1435 572 1502 Iracunda
595 1437 712 1501 Jovem
736 1455 854 1521 ponere
876 1431 1023 1497 fulmina.

698 1834 769 1908 IV.

603 2046 656 2096 AD
682 2047 863 2096 SESTIUM.
1033 2067 1036 2076 ·

229 2201 416 2284 Soavrrnn
438 2220 520 2285 acris
542 2220 644 2286 hiems
666 2233 760 2310 grata
783 2223 852 2288 vice
874 2223 958 2286 veris
982 2232 1014 2286 et
1038 2219 1180 2284 Favoni:

275 2350 494 2438 Trahuntque
517 2351 615 2418 siccas
637 2354 794 2419 machinae
816 2354 950 2419 carinas.

228 2485 276 2550 Ac
298 2507 403 2573 neque
421 2484 491 2573 jam
514 2486 650 2551 stabulis
672 2486 794 2575 gaudet
816 2509 926 2574 pecus,
950 2495 1008 2550 aut
1031 2493 1139 2548 arator
1161 2481 1256 2568 igni3

274 2619 344 2685 Nec
366 2630 461 2707 prata
483 2619 570 2684 canis
591 2619 732 2685 albicant
754 2620 888 2707 pruinis.

188 2765 205 2818 5
229 2753 307 2817 Jam
331 2752 493 2842 Cytherea
515 2753 629 2818 choros
651 2753 742 2819 ducit
765 2755 886 2832 Venus,
910 2753 1086 2818 inminente
1109 2748 1229 2816 Lnna:

272 2885 472 2973 Junctaeque
495 2886 659 2976 Nymphis
683 2886 807 2952 Gratiae
830 2887 979 2952 decentes

227 3021 361 3086 Alterno
384 3030 503 3085 terram
526 3020 680 3107 quatiunt
702 3020 803 3108 pede·;
829 3021 908 3086 dum
931 3019 1040 3113 gravis
1065 3017 1253 3108 Cyclopum

273 3152 436 3219 Volcanus
459 3152 575 3218 ardens
597 3153 846 3231 visitofficinas.

229 3287 327 3352 Nunc
350 3285 442 3350 decet
464 3297 523 3350 aut
545 3285 642 3350 viridi
665 3283 805 3351 nitidum
828 3297 927 3373 caput
949 3284 1095 3373 inpedire
1118 3295 1242 3372 myrto,

169 3434 206 3486 10
275 3421 342 3486 Aut
365 3418 454 3498 flore,
479 3431 573 3485 terrae
596 3442 693 3507 quem
717 3419 827 3484 ferunt
851 3420 974 3486 solutae.

233 3552 330 3617 Nunc
353 3563 386 3616 et
407 3552 441 3615 in
464 3551 624 3616 umbrosis
648 3552 764 3618 Fauno
786 3552 877 3617 decet
900 3552 1056 3623 inmolare
1075 3552 1172 3631 lucis,

230 3684 231 3689 ’
276 3685 340 3748 Seu
363 3694 474 3771 poscat
498 3705 593 3771 agna,
617 3683 684 3747 sive
706 3683 797 3748 malit
819 3683 923 3748 hado.

231 3814 358 3881 Pallida
380 3837 466 3880 mors
489 3838 584 3903 aequo
606 3815 714 3902 pulsat
737 3816 820 3904 pede
842 3838 1023 3904 pauperum
1047 3815 1211 3896 tabernas,

275 3947 471 4035 Regumque
494 3946 603 4011 turris.
628 3948 648 4010 ὂ
670 3946 763 4012 beate
788 3948 882 4025 Sesti,
1075 3943 1082 3954 ”

171 4095 206 4146 15
231 4080 315 4147 Vitoe
338 4103 462 4146 summa
483 4081 591 4147 brevis
615 4104 710 4169 spem.
727 4105 787 4163 nos,
808 4093 896 4147 vetat
918 4082 1068 4160 inchoare
1090 4084 1234 4172 longam.

277 4216 353 4281 Jam
377 4226 409 4280 te
432 4226 556 4302 premet
579 4238 656 4294 nox,
681 4215 866 4303 fabulaeque
892 4217 1019 4294 Manes,
1124 4267 1133 4279 .

448 4405 471 4436 v.
482 4389 520 4436 37.
537 4388 611 4447 vulg.
627 4388 752 4439 Annunn.
906 4425 909 4428 ψ
928 4393 952 4438 8.
969 4391 1061 4440 Uarr,-
