2844 5130
452 466 723 532 CARMINUM
755 469 833 531 Lrn.
852 466 912 531 1v.

194 680 197 688 ·
330 661 382 725 Te
404 663 523 748 copias,
547 675 579 726 te
602 663 779 739 consilium,
804 676 835 728 et
859 676 933 728 tuos

331 796 500 860 Praebente
522 796 634 860 Divos.
658 819 731 860 nam
755 795 827 874 tibi,
851 820 917 883 quo
941 797 992 861 die

270 939 306 990 35
379 928 498 992 Portus
520 929 722 994 Alexandrea
745 930 882 1018 supplex

420 1061 466 1126 Et
490 1085 623 1126 vacuam
646 1062 797 1151 patefecit
820 1063 939 1140 aulam,

331 1192 477 1258 Fortuna
498 1195 602 1259 lustro
624 1217 778 1282 prospera
800 1194 895 1259 tertio

268 1364 272 1373 -
330 1324 412 1388 Belli
436 1327 590 1390 secundos
613 1325 754 1390 reddidit
778 1327 896 1405 exitus,

375 1457 587 1545 Laudemque
610 1470 642 1522 et
665 1427 814 1547 optatum
836 1458 973 1546 peractis

265 1601 304 1651 40
419 1591 568 1679 imperiis
591 1590 689 1656 decus
711 1591 889 1678 adrogauit.

329 1723 380 1786 Te
404 1723 565 1788 Cantaber
587 1746 653 1787 non
676 1736 749 1788 ante
773 1722 952 1799 domabilis,

328 1854 512 1942 Medusque
534 1868 567 1921 et
591 1856 706 1934 ludus,
731 1867 763 1919 te
785 1855 945 1943 profugus
970 1853 1104 1940 Scythes

371 1987 525 2065 Miratur,
550 1989 570 2052 ὂ
594 1989 695 2052 tutela
718 2010 857 2075 praesens

419 2122 525 2187 ltaliae
548 2122 751 2209 dominaeque
775 2124 898 2186 Romae.

265 2265 302 2316 45
328 2254 379 2317 Te
402 2254 541 2319 fontium
565 2257 623 2342 qui
647 2257 729 2329 celat
752 2256 890 2343 origines

327 2385 499 2474 Nilusque,
523 2400 555 2453 et
580 2390 675 2467 Ister,
699 2401 732 2453 te
755 2389 888 2476 rapidus
912 2387 1034 2476 Tigris,

373 2521 424 2584 Te
447 2520 598 2586 beluosus
621 2523 678 2608 qui
702 2522 831 2586 remotis
929 2488 932 2495 Ι

417 2653 585 2741 Obstrepit
609 2655 756 2718 Oceanus
780 2653 956 2731 Britannis,

327 2790 465 2852 Tenon
488 2799 640 2874 paventes
662 2785 777 2849 lunera
801 2784 929 2861 Galliae,

263 2931 302 2982 50
324 2920 492 3006 Duraeque
515 2919 610 2982 tellus
633 2917 725 2981 audit
749 2915 912 2980 Hiberiae:

373 3053 424 3116 Te
446 3052 532 3116 caede
555 3051 732 3138 gaudentes
757 3046 929 3137 Sygambri

417 3184 601 3272 Conpositis
624 3193 817 3247 venerantur
841 3180 945 3245 armis.

630 3492 723 3564 XV.

493 3684 665 3735 AUGUSTI
696 3683 859 3732 LAUDES.

327 3823 482 3905 Prionos
507 3842 666 3907 volentem
689 3841 804 3930 proelia
826 3863 877 3904 me
899 3839 990 3926 loqui

325 3974 433 4038 Victas
456 3985 486 4038 et
510 3975 602 4040 urbis
624 3975 786 4063 increpuit
808 3977 898 4064 lyra;

371 4107 420 4169 Ne
442 4128 543 4193 parva
568 4108 777 4194 Tyrrhenum
800 4128 857 4192 per
881 4125 991 4190 aequor

415 4237 494 4301 Vela
517 4237 635 4301 darem.
661 4252 729 4316 tua,
755 4238 874 4312 Caesnr,
899 4245 976 4298 aetas

518 4428 539 4458 v.
551 4413 588 4460 49.
605 4411 678 4470 l'ulg.
694 4411 827 4460 Parnasis.
