<?xml version="1.0" encoding="UTF-8"?>
<!DOCTYPE html PUBLIC "-//W3C//DTD XHTML 1.0 Transitional//EN"
    "http://www.w3.org/TR/xhtml1/DTD/xhtml1-transitional.dtd">
<html xmlns="http://www.w3.org/1999/xhtml" xml:lang="en" lang="en">
 <head>
  <title>
</title>
<meta http-equiv="Content-Type" content="text/html;charset=utf-8" />
  <meta name='ocr-system' content='tesseract 3.04.00' />
  <meta name='ocr-capabilities' content='ocr_page ocr_carea ocr_par ocr_line ocrx_word'/>
</head>
<body>
  <div class='ocr_page' id='page_1' title='image "./horatiusrestitu00flacgoog_0276.png"; bbox 0 0 2828 5122; ppageno 0'>
   <div class='ocr_carea' id='block_1_1' title="bbox 411 444 894 537">
    <p class='ocr_par' dir='ltr' id='par_1_1' title="bbox 411 444 894 537">
     <span class='ocr_line' id='line_1_1' title="bbox 411 444 894 537; baseline -0.002 -2"><span class='ocrx_word' id='word_1_1' title='bbox 411 444 715 537; x_wconf 71' lang='lat' dir='ltr'><strong>‘crumluum</strong></span> <span class='ocrx_word' id='word_1_2' title='bbox 747 471 826 535; x_wconf 68' lang='lat' dir='ltr'><strong>Lm.</strong></span> <span class='ocrx_word' id='word_1_3' title='bbox 843 471 894 535; x_wconf 91' lang='lat'><strong>11.</strong></span> 
     </span>
    </p>
   </div>
   <div class='ocr_carea' id='block_1_2' title="bbox 265 634 1117 758">
    <p class='ocr_par' dir='ltr' id='par_1_2' title="bbox 265 634 1117 758">
     <span class='ocr_line' id='line_1_2' title="bbox 265 634 1117 758; baseline -0.004 -21"><span class='ocrx_word' id='word_1_4' title='bbox 265 671 352 750; x_wconf 83' lang='lat' dir='ltr'><strong>Quin</strong></span> <span class='ocrx_word' id='word_1_5' title='bbox 375 683 409 737; x_wconf 88' lang='lat' dir='ltr'><strong>et</strong></span> <span class='ocrx_word' id='word_1_6' title='bbox 432 660 654 750; x_wconf 87' lang='lat' dir='ltr'><strong>Prometheus,</strong></span> <span class='ocrx_word' id='word_1_7' title='bbox 677 684 710 736; x_wconf 92' lang='lat' dir='ltr'><strong>et</strong></span> <span class='ocrx_word' id='word_1_8' title='bbox 734 671 864 758; x_wconf 89' lang='lat' dir='ltr'><strong>Pelopis</strong></span> <span class='ocrx_word' id='word_1_9' title='bbox 887 658 1024 758; x_wconf 78' lang='lat' dir='ltr'><strong>parens</strong></span> <span class='ocrx_word' id='word_1_10' title='bbox 1112 634 1117 650; x_wconf 78' lang='lat'>.</span> 
     </span>
    </p>
   </div>
   <div class='ocr_carea' id='block_1_3' title="bbox 241 803 831 1031">
    <p class='ocr_par' dir='ltr' id='par_1_3' title="bbox 241 803 831 1031">
     <span class='ocr_line' id='line_1_3' title="bbox 241 803 831 893; baseline 0.002 -25"><span class='ocrx_word' id='word_1_11' title='bbox 241 803 366 869; x_wconf 89' lang='lat' dir='ltr'><strong>-Dulci</strong></span> <span class='ocrx_word' id='word_1_12' title='bbox 387 805 529 871; x_wconf 84' lang='lat' dir='ltr'><strong>laborem</strong></span> <span class='ocrx_word' id='word_1_13' title='bbox 552 805 711 893; x_wconf 86' lang='lat' dir='ltr'>decipitur</span> <span class='ocrx_word' id='word_1_14' title='bbox 735 826 831 869; x_wconf 88' lang='lat' dir='ltr'><strong>sono:</strong></span> 
     </span>
     <span class='ocr_line' id='line_1_4' title="bbox 311 938 746 1031; baseline -0.007 -28"><span class='ocrx_word' id='word_1_15' title='bbox 311 938 378 1031; x_wconf 71' lang='lat' dir='ltr'><strong>Nec</strong></span> <span class='ocrx_word' id='word_1_16' title='bbox 401 949 493 1003; x_wconf 82' lang='lat' dir='ltr'><strong>curat</strong></span> <span class='ocrx_word' id='word_1_17' title='bbox 517 938 619 1003; x_wconf 89' lang='lat' dir='ltr'><strong>Orion</strong></span> <span class='ocrx_word' id='word_1_18' title='bbox 640 938 746 1002; x_wconf 87' lang='lat' dir='ltr'><strong>leones</strong></span> 
     </span>
    </p>
   </div>
   <div class='ocr_carea' id='block_1_4' title="bbox 201 1069 859 1167">
    <p class='ocr_par' dir='ltr' id='par_1_4' title="bbox 201 1069 859 1167">
     <span class='ocr_line' id='line_1_5' title="bbox 201 1069 859 1167; baseline 0.003 -37"><span class='ocrx_word' id='word_1_19' title='bbox 201 1080 240 1130; x_wconf 81' lang='lat'><strong>40</strong></span> <span class='ocrx_word' id='word_1_20' title='bbox 354 1071 421 1135; x_wconf 85' lang='lat' dir='ltr'><strong>Aut</strong></span> <span class='ocrx_word' id='word_1_21' title='bbox 444 1069 574 1135; x_wconf 90' lang='lat' dir='ltr'><strong>timidos</strong></span> <span class='ocrx_word' id='word_1_22' title='bbox 596 1070 718 1157; x_wconf 80' lang='lat' dir='ltr'><strong>agitare</strong></span> <span class='ocrx_word' id='word_1_23' title='bbox 740 1070 859 1167; x_wconf 80' lang='lat' dir='ltr'><strong>lyncas.</strong></span> 
     </span>
    </p>
   </div>
   <div class='ocr_carea' id='block_1_5' title="bbox 602 1374 718 1450">
    <p class='ocr_par' dir='ltr' id='par_1_5' title="bbox 602 1374 718 1450">
     <span class='ocr_line' id='line_1_6' title="bbox 602 1374 718 1450; baseline 0.009 -1"><span class='ocrx_word' id='word_1_24' title='bbox 602 1374 718 1450; x_wconf 92' lang='lat' dir='ltr'><strong>XIV.</strong></span> 
     </span>
    </p>
   </div>
   <div class='ocr_carea' id='block_1_6' title="bbox 484 1572 818 1644">
    <p class='ocr_par' dir='ltr' id='par_1_6' title="bbox 484 1572 818 1644">
     <span class='ocr_line' id='line_1_7' title="bbox 484 1572 818 1644; baseline 0.006 -24"><span class='ocrx_word' id='word_1_25' title='bbox 484 1572 558 1644; x_wconf 16' lang='lat' dir='ltr'><strong>‘nn</strong></span> <span class='ocrx_word' id='word_1_26' title='bbox 589 1573 818 1623; x_wconf 81' lang='lat' dir='ltr'><strong>rosrunurr.</strong></span> 
     </span>
    </p>
   </div>
   <div class='ocr_carea' id='block_1_7' title="bbox 202 1717 1014 4355">
    <p class='ocr_par' dir='ltr' id='par_1_7' title="bbox 261 1717 922 2090">
     <span class='ocr_line' id='line_1_8' title="bbox 262 1717 922 1824; baseline 0.005 -25"><span class='ocrx_word' id='word_1_27' title='bbox 262 1717 376 1801; x_wconf 70' lang='lat' dir='ltr'><strong>Ense</strong></span> <span class='ocrx_word' id='word_1_28' title='bbox 400 1737 541 1824; x_wconf 81' lang='lat' dir='ltr'><strong>fugaces,</strong></span> <span class='ocrx_word' id='word_1_29' title='bbox 567 1738 733 1816; x_wconf 85' lang='lat' dir='ltr'><strong>Postume,</strong></span> <span class='ocrx_word' id='word_1_30' title='bbox 757 1739 922 1815; x_wconf 86' lang='lat' dir='ltr'><strong>Postume,</strong></span> 
     </span>
     <span class='ocr_line' id='line_1_9' title="bbox 261 1869 912 1958; baseline 0.003 -25"><span class='ocrx_word' id='word_1_31' title='bbox 261 1869 435 1935; x_wconf 88' lang='lat' dir='ltr'><strong>Labuntur</strong></span> <span class='ocrx_word' id='word_1_32' title='bbox 457 1869 552 1934; x_wconf 85' lang='lat' dir='ltr'><strong>unni:</strong></span> <span class='ocrx_word' id='word_1_33' title='bbox 586 1891 643 1935; x_wconf 92' lang='lat' dir='ltr'><strong>nec</strong></span> <span class='ocrx_word' id='word_1_34' title='bbox 665 1870 768 1958; x_wconf 87' lang='lat' dir='ltr'><strong>pietas</strong></span> <span class='ocrx_word' id='word_1_35' title='bbox 789 1893 912 1935; x_wconf 81' lang='lat' dir='ltr'><strong>moram</strong></span> 
     </span>
     <span class='ocr_line' id='line_1_10' title="bbox 305 2002 778 2090; baseline 0.004 -25"><span class='ocrx_word' id='word_1_36' title='bbox 305 2002 412 2090; x_wconf 82' lang='lat' dir='ltr'><strong>Rugis</strong></span> <span class='ocrx_word' id='word_1_37' title='bbox 435 2014 467 2066; x_wconf 90' lang='lat' dir='ltr'><strong>et</strong></span> <span class='ocrx_word' id='word_1_38' title='bbox 490 2002 621 2067; x_wconf 81' lang='lat' dir='ltr'><strong>instanti</strong></span> <span class='ocrx_word' id='word_1_39' title='bbox 645 2014 778 2068; x_wconf 84' lang='lat' dir='ltr'><strong>seuectae</strong></span> 
     </span>
    </p>

    <p class='ocr_par' dir='ltr' id='par_1_8' title="bbox 351 2133 887 2225">
     <span class='ocr_line' id='line_1_11' title="bbox 351 2133 887 2225; baseline 0.004 -27"><span class='ocrx_word' id='word_1_40' title='bbox 351 2133 495 2225; x_wconf 78' lang='lat' dir='ltr'><strong>Adferet,</strong></span> <span class='ocrx_word' id='word_1_41' title='bbox 519 2135 750 2222; x_wconf 86' lang='lat' dir='ltr'><strong>indomitaeque</strong></span> <span class='ocrx_word' id='word_1_42' title='bbox 772 2136 887 2200; x_wconf 85' lang='lat' dir='ltr'><strong>morti:</strong></span> 
     </span>
    </p>

    <p class='ocr_par' dir='ltr' id='par_1_9' title="bbox 221 2266 945 2621">
     <span class='ocr_line' id='line_1_12' title="bbox 221 2266 945 2354; baseline 0.003 -25"><span class='ocrx_word' id='word_1_43' title='bbox 221 2278 238 2328; x_wconf 88' lang='lat'><em>5</em></span> <span class='ocrx_word' id='word_1_44' title='bbox 262 2266 336 2330; x_wconf 91' lang='lat' dir='ltr'><strong>Non</strong></span> <span class='ocrx_word' id='word_1_45' title='bbox 360 2267 387 2331; x_wconf 89' lang='lat' dir='ltr'><strong>si</strong></span> <span class='ocrx_word' id='word_1_46' title='bbox 410 2267 556 2344; x_wconf 85' lang='lat' dir='ltr'><strong>trecenis,</strong></span> <span class='ocrx_word' id='word_1_47' title='bbox 580 2278 743 2354; x_wconf 83' lang='lat' dir='ltr'>quotquot</span> <span class='ocrx_word' id='word_1_48' title='bbox 766 2279 844 2333; x_wconf 90' lang='lat' dir='ltr'><strong>eunt</strong></span> <span class='ocrx_word' id='word_1_49' title='bbox 867 2266 945 2345; x_wconf 89' lang='lat' dir='ltr'><strong>dies,</strong></span> 
     </span>
     <span class='ocr_line' id='line_1_13' title="bbox 261 2386 795 2486; baseline 0.004 -25"><span class='ocrx_word' id='word_1_50' title='bbox 261 2399 381 2476; x_wconf 86' lang='lat' dir='ltr'><strong>Amice,</strong></span> <span class='ocrx_word' id='word_1_51' title='bbox 405 2399 511 2486; x_wconf 81' lang='lat' dir='ltr'><strong>places</strong></span> <span class='ocrx_word' id='word_1_52' title='bbox 533 2386 795 2465; x_wconf 70' lang='lat' dir='ltr'><strong>inlacrimabilem</strong></span> 
     </span>
     <span class='ocr_line' id='line_1_14' title="bbox 306 2524 938 2621; baseline 0.005 -26"><span class='ocrx_word' id='word_1_53' title='bbox 306 2532 449 2596; x_wconf 84' lang='lat' dir='ltr'><strong>Plutona</strong></span> <span class='ocrx_word' id='word_1_54' title='bbox 471 2531 592 2606; x_wconf 82' lang='lat' dir='ltr'><strong>tauris;</strong></span> <span class='ocrx_word' id='word_1_55' title='bbox 627 2533 684 2618; x_wconf 94' lang='lat' dir='ltr'><strong>qui</strong></span> <span class='ocrx_word' id='word_1_56' title='bbox 708 2544 757 2597; x_wconf 92' lang='lat' dir='ltr'><strong>ter</strong></span> <span class='ocrx_word' id='word_1_57' title='bbox 780 2524 938 2621; x_wconf 56' lang='lat' dir='ltr'><strong>amplum&gt;</strong></span> 
     </span>
    </p>

    <p class='ocr_par' dir='ltr' id='par_1_10' title="bbox 262 2664 886 2884">
     <span class='ocr_line' id='line_1_15' title="bbox 353 2664 849 2753; baseline 0 -25"><span class='ocrx_word' id='word_1_58' title='bbox 353 2664 525 2753; x_wconf 85' lang='lat' dir='ltr'><strong>Geryonen</strong></span> <span class='ocrx_word' id='word_1_59' title='bbox 549 2664 741 2753; x_wconf 88' lang='lat' dir='ltr'><strong>Tityonque</strong></span> <span class='ocrx_word' id='word_1_60' title='bbox 763 2664 849 2729; x_wconf 91' lang='lat' dir='ltr'><strong>tristi</strong></span> 
     </span>
     <span class='ocr_line' id='line_1_16' title="bbox 262 2796 886 2884; baseline 0.003 -24"><span class='ocrx_word' id='word_1_61' title='bbox 262 2797 434 2884; x_wconf 88' lang='lat' dir='ltr'><strong>Conpescit</strong></span> <span class='ocrx_word' id='word_1_62' title='bbox 457 2796 556 2877; x_wconf 82' lang='lat' dir='ltr'><strong>unda,</strong></span> <span class='ocrx_word' id='word_1_63' title='bbox 581 2796 700 2863; x_wconf 85' lang='lat' dir='ltr'><strong>scilicet</strong></span> <span class='ocrx_word' id='word_1_64' title='bbox 722 2797 886 2877; x_wconf 90' lang='lat' dir='ltr'><strong>omnibus,</strong></span> 
     </span>
    </p>

    <p class='ocr_par' dir='ltr' id='par_1_11' title="bbox 202 2905 928 3148">
     <span class='ocr_line' id='line_1_17' title="bbox 202 2905 928 3015; baseline 0.004 -25"><span class='ocrx_word' id='word_1_65' title='bbox 202 2940 238 2991; x_wconf 91' lang='lat'><strong>10</strong></span> <span class='ocrx_word' id='word_1_66' title='bbox 261 2927 465 3015; x_wconf 81' lang='lat' dir='ltr'><strong>Quicumque</strong></span> <span class='ocrx_word' id='word_1_67' title='bbox 488 2939 581 2994; x_wconf 82' lang='lat' dir='ltr'><strong>terrae</strong></span> <span class='ocrx_word' id='word_1_68' title='bbox 604 2905 735 2994; x_wconf 88' lang='lat' dir='ltr'><strong>munere</strong></span> <span class='ocrx_word' id='word_1_69' title='bbox 758 2930 928 3008; x_wconf 88' lang='lat' dir='ltr'><strong>vescimur,</strong></span> 
     </span>
     <span class='ocr_line' id='line_1_18' title="bbox 304 3059 758 3148; baseline 0.002 -23"><span class='ocrx_word' id='word_1_70' title='bbox 304 3059 537 3148; x_wconf 83' lang='lat' dir='ltr'><strong>Ensviguudu;</strong></span> <span class='ocrx_word' id='word_1_71' title='bbox 569 3060 635 3125; x_wconf 91' lang='lat' dir='ltr'><strong>sive</strong></span> <span class='ocrx_word' id='word_1_72' title='bbox 656 3084 758 3148; x_wconf 87' lang='lat' dir='ltr'><strong>reges,</strong></span> 
     </span>
    </p>

    <p class='ocr_par' dir='ltr' id='par_1_12' title="bbox 261 3191 919 3545">
     <span class='ocr_line' id='line_1_19' title="bbox 353 3191 840 3281; baseline 0 -25"><span class='ocrx_word' id='word_1_73' title='bbox 353 3191 427 3256; x_wconf 86' lang='lat' dir='ltr'><strong>Sive</strong></span> <span class='ocrx_word' id='word_1_74' title='bbox 449 3192 561 3281; x_wconf 80' lang='lat' dir='ltr'><strong>inopes</strong></span> <span class='ocrx_word' id='word_1_75' title='bbox 583 3192 702 3258; x_wconf 88' lang='lat' dir='ltr'><strong>erimus</strong></span> <span class='ocrx_word' id='word_1_76' title='bbox 725 3192 840 3257; x_wconf 89' lang='lat' dir='ltr'><strong>coloni.</strong></span> 
     </span>
     <span class='ocr_line' id='line_1_20' title="bbox 263 3312 899 3403; baseline -0.002 -13"><span class='ocrx_word' id='word_1_77' title='bbox 263 3326 400 3392; x_wconf 81' lang='lat' dir='ltr'><strong>Frustra</strong></span> <span class='ocrx_word' id='word_1_78' title='bbox 422 3336 555 3391; x_wconf 86' lang='lat' dir='ltr'><strong>cruento</strong></span> <span class='ocrx_word' id='word_1_79' title='bbox 579 3312 688 3390; x_wconf 84' lang='lat' dir='ltr'><strong>Marte</strong></span> <span class='ocrx_word' id='word_1_80' title='bbox 710 3312 899 3403; x_wconf 63' lang='lat' dir='ltr'><strong>carebimus</strong></span> 
     </span>
     <span class='ocr_line' id='line_1_21' title="bbox 261 3457 919 3545; baseline 0.003 -25"><span class='ocrx_word' id='word_1_81' title='bbox 261 3457 461 3545; x_wconf 70' lang='lat' dir='ltr'><strong>Fractisque‘</strong></span> <span class='ocrx_word' id='word_1_82' title='bbox 474 3458 562 3523; x_wconf 85' lang='lat' dir='ltr'><strong>rauci</strong></span> <span class='ocrx_word' id='word_1_83' title='bbox 585 3458 740 3523; x_wconf 85' lang='lat' dir='ltr'><strong>fluctibus</strong></span> <span class='ocrx_word' id='word_1_84' title='bbox 763 3457 919 3532; x_wconf 81' lang='lat' dir='ltr'><strong>Hadriae3</strong></span> 
     </span>
    </p>

    <p class='ocr_par' dir='ltr' id='par_1_13' title="bbox 202 3590 920 3678">
     <span class='ocr_line' id='line_1_22' title="bbox 202 3590 920 3678; baseline 0 -27"><span class='ocrx_word' id='word_1_85' title='bbox 202 3601 237 3652; x_wconf 87' lang='lat'><strong>15</strong></span> <span class='ocrx_word' id='word_1_86' title='bbox 307 3591 445 3655; x_wconf 85' lang='lat' dir='ltr'><strong>Frustra</strong></span> <span class='ocrx_word' id='word_1_87' title='bbox 467 3613 525 3678; x_wconf 90' lang='lat' dir='ltr'><strong>per</strong></span> <span class='ocrx_word' id='word_1_88' title='bbox 548 3590 731 3654; x_wconf 81' lang='lat' dir='ltr'><strong>Autumuos</strong></span> <span class='ocrx_word' id='word_1_89' title='bbox 753 3599 920 3657; x_wconf 89' lang='lat' dir='ltr'><strong>nocentem</strong></span> 
     </span>
    </p>

    <p class='ocr_par' dir='ltr' id='par_1_14' title="bbox 262 3722 1014 4076">
     <span class='ocr_line' id='line_1_23' title="bbox 352 3722 944 3811; baseline -0.005 -22"><span class='ocrx_word' id='word_1_90' title='bbox 352 3722 551 3811; x_wconf 89' lang='lat' dir='ltr'><strong>Corporibus</strong></span> <span class='ocrx_word' id='word_1_91' title='bbox 573 3735 752 3788; x_wconf 89' lang='lat' dir='ltr'><strong>metuemus</strong></span> <span class='ocrx_word' id='word_1_92' title='bbox 764 3722 944 3787; x_wconf 58' lang='lat' dir='ltr'><strong>Austrum.</strong></span> 
     </span>
     <span class='ocr_line' id='line_1_24' title="bbox 262 3852 1014 3940; baseline 0.007 -22"><span class='ocrx_word' id='word_1_93' title='bbox 262 3853 422 3919; x_wconf 88' lang='lat' dir='ltr'><strong>Visendus</strong></span> <span class='ocrx_word' id='word_1_94' title='bbox 444 3865 513 3919; x_wconf 86' lang='lat' dir='ltr'><strong>uter</strong></span> <span class='ocrx_word' id='word_1_95' title='bbox 536 3852 667 3919; x_wconf 87' lang='lat' dir='ltr'><strong>flumine</strong></span> <span class='ocrx_word' id='word_1_96' title='bbox 689 3852 844 3940; x_wconf 82' lang='lat' dir='ltr'><strong>languido</strong></span> <span class='ocrx_word' id='word_1_97' title='bbox 905 3934 907 3939; x_wconf 23' lang='grc' dir='ltr'>Ι</span> <span class='ocrx_word' id='word_1_98' title='bbox 1004 3869 1014 3923; x_wconf 71' lang='grc'><strong>“.</strong></span> 
     </span>
     <span class='ocr_line' id='line_1_25' title="bbox 263 3987 958 4076; baseline 0 -26"><span class='ocrx_word' id='word_1_99' title='bbox 263 3988 404 4076; x_wconf 90' lang='lat' dir='ltr'><strong>Cocytos</strong></span> <span class='ocrx_word' id='word_1_100' title='bbox 426 4010 546 4066; x_wconf 82' lang='lat' dir='ltr'><strong>errans,</strong></span> <span class='ocrx_word' id='word_1_101' title='bbox 571 3998 603 4051; x_wconf 89' lang='lat' dir='ltr'><strong>et</strong></span> <span class='ocrx_word' id='word_1_102' title='bbox 627 3987 733 4051; x_wconf 85' lang='lat' dir='ltr'><strong>Danai</strong></span> <span class='ocrx_word' id='word_1_103' title='bbox 755 4008 859 4074; x_wconf 85' lang='lat' dir='ltr'><strong>genus</strong></span> <span class='ocrx_word' id='word_1_104' title='bbox 955 3989 958 4004; x_wconf 87' lang='lat'>&#39;</span> 
     </span>
    </p>

    <p class='ocr_par' dir='ltr' id='par_1_15' title="bbox 203 4117 927 4355">
     <span class='ocr_line' id='line_1_26' title="bbox 308 4117 927 4205; baseline -0.005 -21"><span class='ocrx_word' id='word_1_105' title='bbox 308 4119 446 4198; x_wconf 87' lang='lat' dir='ltr'><strong>Infame,</strong></span> <span class='ocrx_word' id='word_1_106' title='bbox 469 4119 705 4204; x_wconf 83' lang='lat' dir='ltr'><strong>damnatusque</strong></span> <span class='ocrx_word' id='word_1_107' title='bbox 726 4117 817 4205; x_wconf 86' lang='lat' dir='ltr'><strong>longi</strong></span> <span class='ocrx_word' id='word_1_108' title='bbox 861 4157 864 4161; x_wconf 95' lang='lat'><em>-</em></span> <span class='ocrx_word' id='word_1_109' title='bbox 924 4154 927 4159; x_wconf 96' lang='lat'>·</span> 
     </span>
     <span class='ocr_line' id='line_1_27' title="bbox 203 4248 869 4355; baseline -0.008 -39"><span class='ocrx_word' id='word_1_110' title='bbox 203 4266 242 4330; x_wconf 67' lang='grc' dir='ltr'><strong>βο</strong></span> <span class='ocrx_word' id='word_1_111' title='bbox 358 4251 518 4341; x_wconf 88' lang='lat' dir='ltr'><strong>Sisyphus</strong></span> <span class='ocrx_word' id='word_1_112' title='bbox 540 4250 686 4314; x_wconf 85' lang='lat' dir='ltr'><strong>AEolides</strong></span> <span class='ocrx_word' id='word_1_113' title='bbox 708 4248 840 4355; x_wconf 69' lang='lat' dir='ltr'><strong>loboris.</strong></span> <span class='ocrx_word' id='word_1_114' title='bbox 867 4287 869 4291; x_wconf 94' lang='lat'>·</span> 
     </span>
    </p>
   </div>
   <div class='ocr_carea' id='block_1_8' title="bbox 361 4421 968 4485">
    <p class='ocr_par' dir='ltr' id='par_1_16' title="bbox 361 4421 968 4485">
     <span class='ocr_line' id='line_1_28' title="bbox 361 4421 968 4485; baseline -0.002 -10"><span class='ocrx_word' id='word_1_115' title='bbox 361 4445 385 4475; x_wconf 84' lang='lat' dir='ltr'><strong>r.</strong></span> <span class='ocrx_word' id='word_1_116' title='bbox 396 4429 434 4476; x_wconf 74' lang='lat'><strong>38.</strong></span> <span class='ocrx_word' id='word_1_117' title='bbox 450 4427 524 4485; x_wconf 78' lang='lat' dir='ltr'><strong>Vulg.</strong></span> <span class='ocrx_word' id='word_1_118' title='bbox 541 4426 674 4474; x_wconf 75' lang='lat' dir='ltr'><strong>eroruu.</strong></span> <span class='ocrx_word' id='word_1_119' title='bbox 695 4444 698 4450; x_wconf 68' lang='lat'><strong><em>¹</em></strong></span> <span class='ocrx_word' id='word_1_120' title='bbox 793 4424 831 4472; x_wconf 81' lang='lat' dir='ltr'><strong>lu.</strong></span> <span class='ocrx_word' id='word_1_121' title='bbox 843 4421 968 4474; x_wconf 77' lang='lat' dir='ltr'><strong>Cocrrus.</strong></span> 
     </span>
    </p>
   </div>
   <div class='ocr_carea' id='block_1_9' title="bbox 649 4524 679 4587">
    <p class='ocr_par' dir='ltr' id='par_1_17' title="bbox 649 4524 679 4587">
     <span class='ocr_line' id='line_1_29' title="bbox 649 4524 679 4587; baseline 0 0"><span class='ocrx_word' id='word_1_122' title='bbox 649 4524 679 4587; x_wconf 95' lang='lat' dir='ltr'>L</span> 
     </span>
    </p>
   </div>
   <div class='ocr_carea' id='block_1_10' title="bbox 0 0 1418 5122">
    <p class='ocr_par' dir='ltr' id='par_1_18' title="bbox 0 0 1418 5122">
     <span class='ocr_line' id='line_1_30' title="bbox 0 0 1418 5122; baseline 0 0"><span class='ocrx_word' id='word_1_123' title='bbox 0 0 1418 5122; x_wconf 95' lang='lat' dir='ltr'><strong> </strong></span> 
     </span>
    </p>
   </div>
  </div>
 </body>
</html>
