2828 5122
445 483 715 557 CARMINUM
748 481 894 546 L1n;1.=

334 685 450 750 Lenitc
474 685 654 761 clamorem,
680 682 830 759 sodales·

378 819 425 881 Et
448 815 559 882 cubito
580 826 738 880 remanete
760 836 879 900 presso.

286 949 395 1015 Vultis
418 947 518 1013 severi
541 970 592 1012 me
614 970 746 1034 quoque
769 967 892 1011 sumere

227 1097 262 1147 10
286 1084 416 1147 Partem
442 1080 595 1145 Falerni?
629 1079 715 1144 dicat
739 1078 893 1166 Opuntiae

333 1216 448 1279 Frater
473 1212 630 1300 Megillae,
655 1234 721 1299 quo
743 1212 858 1281 beatus

379 1346 526 1422 Vulnere,
552 1368 617 1432 qua
639 1356 749 1432 pereat
773 1343 900 1432 sagitta„

289 1481 401 1545 Cessat
424 1479 597 1543 voluntas?
630 1501 695 1542 non
718 1477 781 1543 alis
802 1476 912 1542 bibam

244 1648 247 1653 ·
290 1611 450 1676 Mercede.
472 1633 547 1698 quae
570 1620 602 1675 te
625 1632 764 1696 cumque
786 1609 896 1675 domat
920 1610 1039 1685 Venus,

231 1757 264 1808 15
336 1744 410 1809 Non
434 1742 657 1808 erubescendis
680 1741 788 1807 adurit

381 1876 531 1964 Ignibus,
556 1877 762 1963 ingenuoque
785 1896 908 1961 semper

288 2010 405 2073 Amore
428 2032 548 2097 peccas.
573 2007 731 2095 quicquid
754 2008 864 2086 habes,
889 2031 959 2096 age,
1038 2011 1041 2017 ”

290 2143 425 2230 Depone
448 2143 528 2206 tutis
551 2142 694 2206 auribus.
719 2140 760 2206 rh
783 2142 889 2218 miser,

338 2276 468 2353 Quanta
490 2277 617 2341 laboras
639 2276 673 2339 in
698 2274 884 2363 Charybdi!

231 2420 270 2470 20
384 2407 493 2494 Digne
515 2430 597 2495 puer
619 2407 749 2472 meliore
770 2406 930 2476 flamma„

294 2540 375 2617 Quae
400 2562 487 2627 saga,
511 2540 585 2626 quis
608 2551 640 2605 te
664 2540 785 2607 solvere
810 2539 973 2605 Thessalis
1098 2570 1112 2613 χ
1236 2572 1239 2577 ·

296 2672 418 2758 Magus
441 2672 581 2751 venenis,
605 2673 679 2758 quis
702 2672 821 2760 poterit
845 2673 957 2736 Deus?

338 2805 403 2869 Vix
426 2804 598 2892 inligatum
621 2817 654 2870 te
676 2804 816 2870 triformi
920 2873 923 2879 ,
1044 2836 1046 2841 ·

386 2937 540 3026 Pegasus¹
552 2938 702 3026 expediet
727 2938 894 3003 Chimaera.

561 3272 767 3346 XXVIII.

208 3439 265 3523 ΤΕ
290 3456 385 3520 maris
409 3467 440 3520 et
464 3467 569 3534 terrae,
593 3478 791 3543 numeroque
813 3455 950 3520 carentis
972 3477 1076 3521 arenoe

254 3592 437 3654 Mensorem
460 3589 620 3668 cohibent,
645 3590 800 3678 Archyta,

209 3723 357 3788 Pulveris
380 3723 489 3810 exigui
513 3746 613 3811 prope
635 3723 716 3788 litus
739 3746 840 3811 parva
864 3723 1028 3799 MatInum

254 3859 412 3921 Munera:
446 3857 702 3944 necquicquam
725 3857 786 3922 tibi
808 3857 961 3945 prodest,-

170 4001 187 4052 5
212 3988 322 4054 Aerias
345 4002 483 4055 tentasse
505 3990 617 4054 domos
639 3990 811 4078 animoque
832 3991 1008 4056 rotundum
1064 4022 1067 4027 ·

241 4123 456 4189 ·Percurrisse
479 4124 602 4211 polum,
626 4124 791 4201 morituro.

212 4256 337 4321 Occidit
361 4269 392 4322 et
417 4257 546 4345 Pelopis
568 4259 694 4344 genitor
717 4257 851 4342 conviva
874 4260 1029 4339 Deorum,

259 4390 486 4479 Tithonusque
509 4404 650 4456 remotus
673 4390 706 4455 in
730 4414 835 4470 auras,
