2828 5122
429 473 780 538 EPISTOLARUM
813 475 890 538 Lrn.
909 474 958 538 II.
986 488 1011 537 1.
1245 469 1313 554 287

135 683 186 737 155
210 672 263 735 Ad
284 670 366 735 bene
385 670 557 738 dicendum
581 671 868 760 delectandumque
890 645 1021 738 redacti.

212 806 340 871 Graecia
362 816 457 892 capta
478 805 584 870 ferum
607 806 758 870 victorem
782 807 879 893 cepit,
903 819 935 870 et
959 806 1043 870 artis
1071 853 1073 856 ψ

212 939 332 1004 Intulit
355 939 473 1026 agresti
496 939 602 1004 Latio.
628 940 672 1003 sic
695 938 844 1004 horridus
867 939 921 1004 ille
1009 1031 1012 1041 ,

212 1071 360 1137 Deduxit
382 1094 536 1136 numerus
560 1073 742 1150 Saturnius,
767 1084 799 1137 et
822 1095 929 1160 grave
942 1072 1031 1136 virus
1143 1115 1145 1119 ·

212 1204 388 1269 Munditie
411 1204 580 1292 pepulere:
607 1204 661 1268 sed
684 1206 718 1268 in
741 1207 874 1292 longum
898 1210 1003 1279 tamen
1028 1227 1131 1270 aevum

135 1343 188 1404 160
211 1339 416 1417 Manserunt,
439 1338 600 1425 hodieque
622 1349 762 1417 manent,
787 1340 922 1426 vestigia
943 1334 1037 1403 ruris.
1115 1332 1117 1335 ¹

214 1473 310 1535 Serus
333 1471 416 1535 enim
441 1471 564 1536 Graecis
587 1471 730 1536 admovit
752 1473 899 1538 acumina
921 1472 1058 1544 chartis;

213 1605 260 1668 Et
282 1615 356 1692 post
379 1603 504 1667 Punica
526 1603 611 1668 bella
633 1605 764 1691 quietus
787 1628 931 1692 quaerere
954 1588 1068 1693 coepit,

213 1736 301 1815 Quid
325 1736 497 1824 Sophocles
520 1749 552 1802 et
577 1736 717 1824 Thespis
739 1748 772 1802 et
795 1738 968 1826 AEschylos
992 1737 1071 1801 utile
1094 1735 1231 1800 ferrent:

214 1868 369 1934 Tentavit
393 1892 523 1956 quoque
546 1892 624 1947 rem,
650 1870 676 1933 si
699 1869 796 1958 digne
819 1881 942 1934 vertere
964 1881 1087 1957 posset:

133 2007 187 2069 165
212 2004 259 2068 Et
281 2003 403 2091 placuit
420 2003 499 2080 sibi,
522 2014 638 2068 natura
661 2004 806 2070 sublimis
829 2015 861 2068 et
884 2027 964 2068 acer.

214 2138 299 2203 Nam
323 2135 423 2225 spirat
446 2129 604 2226 tragicum
629 2137 716 2216 satis,
740 2150 772 2203 et
795 2137 929 2202 feliciter
953 2136 1069 2211 audet3

216 2268 279 2334 Sed
302 2281 429 2356 turpem
452 2281 548 2356 putat
570 2270 704 2335 inscitus
726 2272 906 2358 metuitque
928 2271 1069 2337 lituram.

217 2401 381 2479 Creditur,
405 2425 444 2466 ex
467 2402 573 2468 medin
596 2405 674 2489 quia
697 2427 746 2469 res
769 2407 910 2483 arcessit,
934 2404 1050 2470 habere

217 2534 350 2599 Sudoris
363 2535 558 2625 *minimum;
585 2536 640 2599 sed
663 2536 760 2601 habet
785 2538 952 2604 Comoedia
975 2550 1065 2602 tanto

135 2681 191 2740 170
215 2669 295 2732 Plus
317 2667 432 2745 oneris,
457 2680 578 2754 quanto
602 2668 703 2732 veniae
726 2670 840 2732 minus.
866 2670 982 2757 aspice,
1008 2661 1145 2734 Plautus
1206 2659 1208 2667 ἱ

216 2804 288 2880 Quo
311 2793 406 2888 pacto
428 2801 530 2889 partis
553 2811 679 2864 tutetur
701 2801 836 2865 amantis
860 2801 994 2888 ephebi3
1035 2818 1046 2849 ·-
1146 2790 1151 2798 ’

216 2936 265 2999 Ut
288 2933 389 3021 patris
412 2934 538 3012 attenti,
563 2933 685 2998 lenonis
709 2945 745 2998 ut
768 2934 927 2998 insidiosi:

217 3070 365 3144 Quantus
388 3067 429 3130 sit
453 3067 638 3132 Dossennus
661 3066 822 3139 edacibus
834 3068 867 3130 in
891 3067 1056 3154 parasitis:
1085 3134 1088 3141 ,

217 3202 321 3278 Quam
344 3222 409 3263 nnn
431 3199 586 3264 adstricto
608 3211 774 3288 percurrat
797 3200 926 3288 pulpita
949 3223 1048 3265 socco.

136 3347 190 3407 175
217 3333 324 3398 Gestit
347 3333 431 3396 enim
454 3356 622 3398 nummum
646 3335 678 3398 in
701 3334 823 3399 loculos
847 3335 1031 3409 demittere3
1058 3335 1213 3421 posthoc
1275 3389 1279 3398 .

153 3538 159 3546 ‚
219 3468 369 3543 SecuruS,
393 3465 487 3531 cadat
510 3489 551 3530 an
575 3477 662 3530 recto
685 3478 747 3531 stet
770 3466 883 3532 fabula
905 3468 980 3531 talo.

219 3602 321 3678 Quem
345 3599 421 3664 tulit
444 3599 486 3663 ad
510 3621 634 3663 scenam
657 3610 789 3663 ventoso
811 3600 915 3686 gloria
937 3623 1046 3677 curru,
1160 3642 1165 3646 -

218 3731 392 3796 Exanimat
415 3732 522 3799 lentus
546 3721 715 3819 spectator,
740 3731 871 3797 sedulus
892 3730 994 3798 inflat.

220 3867 272 3931 Sic
294 3867 375 3946 leve,
400 3867 444 3930 sic
467 3889 603 3954 parvum
627 3877 686 3944 est,
711 3867 851 3931 animum
875 3866 964 3954 quod
987 3866 1092 3930 laudis
1116 3883 1247 3952 ararum

138 4012 195 4065 180
213 3999 356 4063 -Subruit
379 4021 416 4063 ac
438 3999 550 4064 reficit.
575 4000 679 4065 valeat
702 4022 752 4064 res
774 3999 909 4078 ludicra,
935 4000 1034 4067 sime

221 4132 334 4197 Palma
356 4143 473 4221 negata
494 4155 649 4212 macrum,
674 4133 792 4197 donata
814 4132 938 4196 reducit
961 4121 1113 4219 opimum.

221 4265 325 4352 Saepe,
349 4264 444 4329 etiam
468 4264 631 4342 audacem,
655 4264 749 4352 fugat
772 4264 832 4328 hoc
853 4248 1017 4351 terretque
1040 4275 1188 4353 poetam
1245 4303 1247 4306 ·
1290 4294 1291 4298 ¹

394 4455 417 4485 1.
430 4437 570 4495 rotrulg.
586 4437 617 4485 In
628 4450 742 4484 scamma.
918 4432 970 4486 1804
985 4437 1050 4486 Aur.
1088 4461 1091 4465 ·
1164 4455 1167 4463 ¹
