2844 5130
388 490 663 566 'CARMINUM
696 501 842 564 L1s.II·.

274 700 386 786 Sperat
410 700 556 777 infestis,'
569 701 682 765 metuit
696 700 852 765 'secundis

272 835 413 899 Alteram
438 847 553 900 sortem
577 837 657 900 bene
679 834 895 923 p'raeparatum
938 846 941 851 '

212 979 244 1030 15
269 968 396 1032 Pectus.
421 969 565 1032 informis
587 969 705 1033 hiemes
728 967 853 1033 reducit

361 1103 384 1164 J
388 1103 537 1188 uppiter3
571 1102 656 1166 idem

272 1234 465 1299 Submovet:
499 1257 573 1311 non,
598 1235 624 1298 si
647 1235 735 1298 male'
752 1256 848 1312 nunc,
872 1243 904 1297 et
927 1233 1003 1297 olim

273 1367 326 1431 Sic
348 1368 426 1432 erit:
461 1368 623 1454 quondam
647 1367 783 1462 cithara·
799 1377 954 1431 tacentem

272 1499 411 1563 Suscitat
435 1521 569 1577 musam,
593 1522 697 1586 neque
720 1510 853 1585 semper
866 1520 974 1562 arcum

209 1645 247 1695 20
361 1632 482 1696 Tendit
507 1633 631 1720 Apollo.

272 1765 384 1830 Rebus
407 1767 550 1852 angustis
574 1765 734 1829 animosus
757 1776 856 1852 atque

273 1899 381 1963 Fortis
403 1921 522 1986 appare
532 1924 546 1961 :-
569 1899 731 1985 ‘sapienter
753 1899 837 1962 idem

273 2030 449 2095 Contrahes
472 2041 567 2094 vento
590 2030 724 2094 nimium
749 2031 888 2094 secundo

364 2164 514 2252 Turgida
536 2165 615 2228 vela.

471 2643 523 2698 A'D
555 2651 767 2708 QUINTIUM.

226 2797 329 2897 Qum
353 2817 522 2882 bellicosus
547 2782 718 2896 Cantaber,
743 2830 787 2883 ets
800 2782 943 2907 Scythes,

199 2973 203 2987 ·
226 2950 365 3038 Hirpine
389 2952 512 3029 Quinti,
537 2953 655 3038 cogitet
680 2952 805 3016 Hadria

270 3086 403 3150 Divisns
426 3087 562 3174 objecto,
578 3087 729 3152 remittas

317 3221 486 3297 Quaerere3
511 3236 572 3285 nec‘
591 3220 735 3308 trepides
752 3220 785 3282 in
809 3241 902 3283 usum

181 3366 198 3417 5
223 3354 388 3418 Poscentis
412 3354 472 3418 aevi
495 3376 606 3440 pauca.
631 3353 717 3440 fugit
740 3363 825 3416 retro

227 3485 325 3550 Levis
343 3487 494 3574 juventas
517 3497 549 3550 et
573 3486 678 3562 decor,
701 3483 791 3548 arida

272 3618 415 3682 Pellente
437 3617 570 3681 lascivos
593 3638 714 3681 amores

318 3748 455 3825 Canitie,
479 3748 669 3834 facilemque
682 3770 847 3812 somnum.

228 3881 302 3945 Non
326 3903 449 3967 semper
470 3879 555 3945 idem
578 3879 712 3946 floribus
735 3893 782 3945 'est
805 3881 905 3945 honor

167 4025 202 4074 10
227 4012 359 4086 Vernis3
385 4035 489 4098 neque
512 4035 577 4076 uno
602 4013 698 4076 L'una
720 4013 838 4078 rubens
861 4013 941 4076 nitet

273 4145 381 4209 Voltu.
407 4144 493 4231 quid‘
510 4146 637 4210 aeternis
661 4146 812 4215 minorem

322 4276 471 4339 Consiliis
494 4267 641 4339 animuin·
659 4277 798 4364 fatigas?

316 4469 339 4498 v.
352 4452 388 4498 18.
406 4450 619 4508 Vulg.(31rnann.
799 4453 822 4499 9.
839 4452 933 4500 Honos.
