2828 5122
323 453 331 468 ’
445 482 714 559 cnnnlnnn
745 494 891 558 nna-n

322 691 525 772 Brachiaet
548 692 683 769 voltum,
707 665 879 778 teretisque
903 713 1000 755 suras

324 825 454 914 Integer
476 824 590 890 laudo:
614 824 693 913 fuge
716 824 881 932 suspicari,¹

322 958 427 1045 Cujus
449 969 599 1023 octavum
621 956 794 1044 trepidavit
817 967 893 1022 oetas

413 1091 571 1159 Claudere
593 1090 742 1160 lustrum.

637 1495 690 1591 v.

319 1712 486 1797 Nonnnu
510 1734 642 1797 subacta
663 1733 747 1798 ferre
765 1734 883 1821 jugum
907 1733 991 1796 valet

318 1865 460 1944 cervice,
485 1865 629 1931 nondum
652 1867 761 1930 munia
783 1866 928 1953 conparis

364 2001 521 2086 AEquare,
545 2023 603 2065 neo
625 2000 711 2066 tauri
734 2002 854 2066 ruentis

414 2131 454 2197 In
478 2133 632 2198 Venerem
655 2133 789 2198 tolerare
811 2133 955 2221 pondus:
1023 2189 1026 2194 .

279 2275 296 2326 5
321 2264 416 2342 Circa
438 2264 570 2328 virentis
593 2277 641 2329 est
663 2265 788 2330 animus
811 2276 877 2330 tuae
949 2313 961 2340 .

320 2399 458 2487 Campos
478 2400 637 2486 juvenca,
662 2422 747 2464 nuno
771 2398 878 2464 fluviis
900 2423 1030 2488 gravem
1061 2480 1063 2484 Ι

365 2531 504 2596 Solantia
528 2542 653 2611 aestum,
676 2553 762 2597 nunc
785 2534 818 2596 in
842 2531 907 2597 udo

411 2663 541 2728 Ludere
563 2686 637 2728 cum
659 2664 770 2728 vitulis
795 2666 905 2729 salicto

319 2794 565 2893 Praegestientis.
591 2795 668 2859 tolle
690 2794 873 2884 cupidinem
932 2773 934 2776 Ι

262 2940 297 2991 10
321 2928 448 2992 Inmitis
471 2952 562 2993 uvae:
584 2931 652 3017 jam
676 2930 735 2995 tibi
758 2929 874 2994 lividos

295 3099 305 3128 ι
365 3061 553 3149 Distinguet
578 3062 762 3126 Autumnus
784 3079 935 3140 racemos,

413 3196 582 3282 Purpureo
604 3196 712 3260 varius
736 3195 848 3260 colore.

319 3329 396 3391 Jam
420 3338 452 3391 oe
475 3339 626 3415 sequatur
651 3328 767 3412 (currit
789 3328 873 3392 enim
895 3329 988 3392 ferox

307 3460 436 3534 ,AEtas3
462 3470 493 3523 et
516 3459 575 3537 illi,
600 3483 681 3546 quos
704 3459 764 3524 tibi
787 3459 948 3538 demserit,

260 3605 294 3659 15
363 3578 513 3681 Adponet
536 3595 650 3678 annos)
670 3594 738 3680 jam
761 3603 911 3681 proterva

413 3726 533 3790 Fronte
555 3736 644 3812 petet
667 3725 790 3812 Lalage
812 3726 989 3790 maritumr

321 3858 458 3936 Dilecta,
483 3869 640 3944 quantum
663 3879 728 3921 non
751 3857 873 3922 Pholoe'
895 3856 1008 3945 fugax,

322 3991 397 4055 Non
422 3990 566 4056 Chloris:
592 3990 666 4054 albo
690 3989 733 4054 sic
756 3989 888 4055 humero
911 3989 1024 4067 nitens,

337 4173 339 4176 Α
368 4124 417 4187 Ut
440 4146 523 4211 pura
545 4136 701 4187 nocturno
724 4122 845 4187 renidet

258 4269 296 4320 20
412 4258 508 4320 Luna
531 4256 623 4334 mari,
648 4255 822 4320 Cnidiusve
847 4255 975 4343 Gyges:

488 4461 512 4492 v.
523 4446 561 4493 24.
578 4445 654 4500 Forte,
672 4445 793 4493 Connrnn
808 4443 864 4493 lust.
