2844 5130
137 439 202 503 110

492 443 530 519 Q.
556 439 769 505 uounrn
795 439 973 504 uincor

361 644 466 721 Quam
490 645 592 709 Jocus
615 642 880 709 circumvolaret
904 641 1053 730 Cupido:

295 787 333 840 35
359 775 433 842 Sive
455 776 638 865 neglectum
660 800 764 865 genus
786 789 820 842 et
842 788 974 865 nepotes

352 920 354 925 ’
450 908 598 997 Respicis
621 921 745 987 auctor,

358 1042 436 1106 Heu
459 1040 555 1106 nimis
578 1041 676 1130 longo
700 1042 813 1107 satiate
836 1040 916 1106 ludo
927 1039 946 1118 ς’

358 1175 462 1252 Quem
481 1174 579 1262 juvot
602 1174 734 1252 clamor,
758 1175 924 1263 galeoeque
947 1173 1044 1251 lever,

360 1305 442 1372 Acer
465 1318 497 1372 et
521 1307 626 1372 Marsi
648 1306 767 1395 peditis
791 1317 961 1373 cruentum

297 1451 336 1502 40
449 1439 567 1505 Voltus
588 1439 623 1504 in
645 1439 780 1506 hostem.

360 1571 436 1636 Sive
458 1582 585 1637 mutata
603 1573 754 1661 juvenem
777 1572 885 1661 figura

359 1702 435 1802 Alco
457 1704 492 1769 in
516 1703 611 1769 terris
633 1704 781 1784 imitaris,
805 1684 898 1770 alnae

218 1864 224 1882 r
359 1835 465 1902 Filius
488 1835 601 1914 Maiae,
625 1838 751 1925 patiens
773 1837 881 1902 vocari

453 1969 591 2035 Caesaris
614 1970 720 2034 ultor:

299 2112 336 2165 45
362 2102 459 2165 Serus
482 2101 517 2165 in
540 2102 657 2168 caelum
679 2101 802 2181 redeas,
827 2101 949 2188 diuque

360 2234 476 2299 Laetus
498 2234 627 2300 intersis
650 2236 773 2324 populo
797 2233 943 2314 Quirini:

361 2365 453 2430 Neve
477 2376 509 2429 te
531 2365 649 2464 nostris
669 2365 761 2433 ¹vitiis
782 2364 932 2452 iniquum

451 2498 549 2564 Ocior
571 2521 651 2564 aura

362 2630 493 2695 Tollot:
526 2630 580 2696 hic
602 2651 735 2718 magnos
757 2630 868 2718 potius
892 2626 1084 2715 triumphos,

299 2775 337 2827 50
361 2761 427 2826 Hic
451 2785 536 2827 ames
560 2761 627 2826 dici
650 2762 748 2828 Pater
770 2772 870 2848 atque
895 2759 1067 2847 Princeps:

340 2896 435 2967 ,Neu
459 2894 545 2959 sinas
567 2892 685 2959 Medos
707 2892 853 2980 equitare
876 2860 1009 2970 inultos,

454 3027 505 3092 Te
526 3018 620 3105 duce,
645 3026 764 3092 Caesar.

694 3468 770 3543 III.

361 3671 429 3757 SJc
453 3700 486 3755 te
510 3670 597 3752 Diva
619 3698 734 3775 potens
758 3689 874 3776 Cypri,

409 3822 461 3887 Sic
484 3821 608 3886 iratres¹
625 3821 772 3899 Helenae,
795 3821 905 3886 lucida
928 3822 1043 3900 sidera,

361 3955 604 4041 Ventorumque
626 3956 718 4041 rogat
741 3965 845 4041 pater,

408 4085 581 4151 Obstrictis
603 4085 676 4150 aliis
698 4098 815 4173 praeter
841 4086 987 4174 Iapyga3

322 4230 339 4280 5
364 4218 477 4296 Navis,
501 4242 576 4304 quae
598 4217 660 4283 tibi
683 4218 841 4284 creditum

592 4408 616 4440 v.
627 4393 665 4440 ³9.
682 4392 757 4452 vulg.
772 4393 874 4441 Mnuru.
