2844 5130
244 456 312 522 184
564 522 565 527 ,
597 460 635 536 Q.
661 457 873 524 Honnrrr
906 459 1082 525 runem

759 841 920 916 XXVI.
1000 882 1004 889 ·

667 1053 717 1100 DE
747 1054 850 1102 AELIO
870 1052 1015 1102 LAMIA.

471 1213 597 1296 Musra
621 1231 754 1308 amicus,
779 1230 941 1295 tristitiam
965 1242 997 1295 et
1020 1241 1124 1296 metus

472 1364 616 1428 Tradam
638 1364 797 1451 protervis
819 1364 854 1427 in
876 1386 963 1428 mare
988 1363 1153 1430 Creticum

516 1498 651 1562 Portare
673 1498 797 1571 ventis3
823 1496 896 1583 quis
920 1496 981 1561 sub
1005 1496 1105 1562 Arcto

560 1630 634 1693 Rex
656 1629 773 1716 gelidae
795 1639 959 1725 metuatur
983 1651 1066 1707 ora,-

427 1773 444 1824 5
469 1761 555 1839 Quid
580 1761 751 1826 Tiridaten
775 1771 892 1827 terreat
915 1761 1010 1826 unice

470 1896 618 1959 Securus.
643 1895 664 1956 ὃ
686 1917 761 1980 quae
784 1893 929 1961 fontibus
951 1893 1085 1981 integris

514 2027 657 2104 Gaudes,
682 2026 806 2113 apricos
828 2038 919 2091 necte
942 2027 1047 2105 flores,

557 2158 660 2223 Necte
683 2181 753 2222 meo
777 2159 900 2224 Lamiae
922 2181 1093 2238 coronam5

468 2291 607 2378 Pimple’i
629 2290 752 2356 dulcis:
785 2291 832 2355 nil
856 2293 978 2356 sinete
1001 2293 1064 2356 mei

350 2449 354 2457 ·
407 2436 443 2488 10
467 2425 608 2489 Possunt
630 2423 775 2489 honores.
800 2425 886 2489 hunc
909 2425 1029 2490 fidibus
1050 2424 1154 2503 novis,

513 2556 613 2620 Hunc
634 2556 757 2626 Lesbio
780 2579 903 2638 sacrare
925 2557 1049 2644 plectro

556 2687 672 2775 Teque
695 2699 832 2775 tuasque
855 2689 946 2755 decet
970 2712 1101 2754 sorores.

742 3137 926 3210 xxvii.

697 3367 753 3414 AD
784 3366 966 3416 SODALES.

464 3538 590 3622 Nnrrs
613 3557 646 3621 in
669 3579 764 3621 usum
787 3556 910 3621 laetitiae
934 3555 1063 3644 scyphis

464 3695 625 3781 Pugnare,
651 3690 817 3754 Thracum
840 3701 896 3754 est.
921 3690 1025 3754 tollite
1047 3688 1223 3757 barbarum

509 3826 648 3899 Morem,
672 3807 955 3909 verecundumque
979 3809 1153 3887 Bacchum*

557 3953 746 4040 Sanguineis
769 3953 936 4039 prohibete
958 3954 1048 4019 rixis.

422 4099 439 4150 5
466 4087 547 4149 Vino
569 4101 601 4150 et
622 4085 762 4150 lucernis
786 4086 907 4151 Medus
930 4088 1073 4152 acinaces

465 4218 599 4282 Inmane
623 4230 781 4303 quantum
805 4218 973 4310 discrepat.
999 4220 1122 4307 inpium

528 4408 550 4437 v.
561 4392 584 4439 9.
602 4391 673 4450 Vulg.
690 4392 815 4440 Prnrnrr.
882 4388 884 4392 ’
993 4396 1028 4442 10.
1044 4393 1170 4441 Pnosuur.
