2828 5122
473 448 666 523 EPODON
698 456 875 522 LIBER..·
991 471 1000 509 r

249 655 388 719 Ademta
410 655 476 721 vati
499 655 666 723 reddidere
686 654 818 720 lumina

191 801 227 852 45
252 789 298 856 Et
322 800 360 854 tu
385 789 492 876 (potes
514 790 604 874 nam)
630 789 717 853 solve
738 796 790 852 m'e
812 785 984 861 dementia,

251 922 280 984 O
304 943 362 985 nee
385 920 527 1009 paternis
549 920 693 986 obsoleta
716 919 876 996 sordibus,

201 1123 204 1127 ⁴
251 1053 366 1140 Neque
388 1053 422 1117 in
446 1053 600 1141 sepulcris
622 1073 803 1140 pauperum
825 1050 970 1139 prudens
991 1057 1072 1113 anus

251 1184 459 1250 Novendialis
481 1184 636 1273 dissipare
658 1183 816 1272 pulveres

253 1317 331 1383 Tibi
354 1317 513 1407 hospitale
534 1329 659 1406 postue,
684 1327 716 1382 et
739 1339 831 1405 purae
855 1338 987 1391 manus;

112 1536 114 1542 A
192 1462 230 1513 50
254 1451 416 1537 Tuusque
438 1462 549 1515 venter
574 1448 800 1523 Pactumeium
825 1459 859 1512 et
882 1458 940 1512 tuo

252 1583 376 1648 Cruore
399 1583 515 1648 rubros
537 1583 694 1649 obstetrix
718 1605 841 1671 pannos
863 1582 973 1660 lavit,
1060 1595 1063 1598 “

253 1716 442 1803 Utcumque
464 1716 558 1781 fortis
581 1716 689 1781 exsilis
711 1737 888 1804 puerpera.-

253 1849 383 1913 casm.
431 1848 520 1927 Quid
542 1848 696 1914 obseratis
719 1848 853 1914 auribus
876 1838 987 1913 fundis
1010 1850 1143 1934 preces?

253 1981 327 2045 Non
351 2004 428 2046 saxa
451 1981 546 2046 nudis
570 1981 717 2047 surdiora
738 1981 857 2047 navitis

192 2125 229 2177 55
252 2113 427 2202 Neptunus
449 2115 516 2179 alto
540 2114 650 2179 tundit
672 2115 828 2180 hibernus
851 2113 928 2179 salo.

254 2246 388 2314 Inultus
410 2258 448 2312 ut
472 2258 510 2312 tu
533 2246 639 2312 riseris
664 2246 812 2336 Cotyttia

252 2379 401 2466 Volgata,
426 2402 551 2444 sacrum
574 2380 668 2444 liberi
692 2379 889 2467 Cupidinis?

254 2511 300 2576 Et
323 2511 488 2598 Esquilini
510 2510 657 2599 pontifex
683 2512 815 2577 venefici

253 2644 383 2732 Inpune
405 2655 444 2709 ut
467 2645 592 2709 Urbem
615 2637 744 2711 nomine
766 2645 899 2733 inpleris
921 2647 1016 2709 meo?

192 2781 230 2841 60
253 2776 340 2856 Quid
362 2776 515 2866 proderat
537 2777 656 2844 ditasse
679 2778 831 2866 Pelignus
854 2800 946 2857 anus,

253 2910 441 2977 Velociusve
463 2910 627 2977 miscuisse
649 2911 817 2977 toxicum?

255 3045 317 3110 Sed
340 3044 482 3111 tardiora
504 3046 572 3114 fata
595 3057 627 3110 te
650 3045 734 3110 votis
758 3056 904 3113 manent:

256 3177 391 3265 Ingrata
413 3177 528 3242 misero
550 3177 618 3241 vita
640 3176 787 3242 ducenda
809 3188 868 3256 est,
893 3179 926 3241 in
949 3177 1021 3253 hoc,

254 3309 356 3373 Novis
380 3320 543 3396 utusque
567 3320 720 3397 suppetas
742 3308 916 3390 laboribus.

195 3443 231 3505 65
255 3444 357 3530 Optat
380 3441 521 3528 quietem
545 3441 676 3529 Pelopis
698 3441 789 3506 infidi
812 3452 916 3528 pater,

253 3565 362 3662 Egens
385 3572 532 3661 benignae
557 3574 719 3638 Tantalus
743 3595 866 3660 semper
888 3572 999 3661 dapis;

255 3707 358 3794 Optat
381 3705 592 3769 Prometheus
615 3704 779 3792 obligatus
802 3704 891 3769 alitis
930 3729 933 3740 ·

256 3838 358 3925 Optat
381 3858 531 3924 supremo
553 3837 719 3901 conlocare
743 3836 903 3924 Sisyphus

255 3970 296 4034 In
319 3981 427 4034 monte
451 3992 582 4033 saxum:
618 3969 672 4034 sed
696 3981 806 4034 vetant
828 3971 915 4056 leges
938 3937 1041 4033 Jouis.

197 4114 234 4172 70
255 4102 350 4166 Voles
373 4100 470 4165 modo
493 4101 566 4166 altis
590 4097 716 4165 desilire
740 4101 897 4177 turribus,

250 4333 274 4366 v.
283 4319 322 4366 50.
339 4317 413 4376 Vulg.
430 4318 605 4366 Panrunrrus.
692 4317 731 4364 60.
747 4316 887 4365 Pnourmr.
976 4319 1015 4367 62.
1030 4318 1056 4367 Si
1067 4317 1126 4366 tard.

285 4412 324 4460 64.
340 4411 380 4460 Do
382 4426 495 4460 nnnnnnnn
692 4411 731 4458 65.
747 4410 859 4459 larinus.

1189 453 1263 516 '105
