2844 5130
554 483 647 547 Ans
678 481 901 550 POETICA.
1208 556 1214 564 ,
1262 480 1339 550 315-

227 679 278 742 An
297 674 343 743 'sit
365 679 505 744 amicitia
528 680 656 768 dignus.
681 682 708 748 si
731 683 871 748 carmina
892 681 1024 762 condes,¹
1075 704 1079 711 ’

226 812 415 899 Numquam
438 824 470 877 te
492 812 607 878 fallant
629 815 727 880 animi
750 816 811 882 sub
835 816 929 905 volpe
951 815 1097 882 latentes.

226 943 382 1022 Quintilio
405 945 433 1010 si
455 945 537 1033 quid
558 947 718 1025 recitares,
744 949 878 1037 Corrige
902 949 992 1014 sodes

106 1093 116 1103 ·
226 1076 312 1156 Hoc,
336 1076 452 1155 aiebat,
476 1090 509 1143 et
531 1078 601 1143 hoc.
626 1059 740 1146 melius
762 1093 795 1146 te
817 1104 911 1169 P⁰⁸⁸e
933 1103 1079 1170 ”idmst
1147 1171 1149 1176 .

135 1221 200 1275 440
222 1209 281 1274 Bis
303 1221 417 1298 terque
440 1223 609 1300 expertum
631 1213 778 1279 frustra?
812 1214 918 1280 delere
936 1215 1086 1304 jubebat,

220 1342 269 1406 Et
292 1342 374 1408 male
397 1355 446 1426 ter
468 1355 561 1409 natos
583 1344 694 1410 incudi
716 1345 849 1412 reddere
872 1333 992 1413 versus.

226 1475 261 1539 Si
284 1474 454 1541 defendere
477 1476 642 1557 delictum,
667 1501 764 1565 quam
788 1492 926 1559 vertere,
946 1480 1076 1570 malies3

224 1607 364 1674 Nullum
388 1610 474 1675 ultra
495 1611 643 1690 verbum,
667 1624 725 1677 aut
748 1634 877 1701 operam
901 1614 1083 1680 insumebat
1105 1606 1243 1693 inanem,

223 1742 311 1821 Quin
335 1743 402 1809 sine
424 1743 518 1808 rivali
542 1756 642 1832 teque
661 1756 693 1810 et
716 1757 774 1811 tua
797 1747 889 1811 solus·
906 1769 1038 1813 amares.
1121 1786 1125 1793 ·

148 1886 200 1941 445
222 1875 281 1941 Vir
303 1875 408 1941 bonus
431 1888 463 1941 et
486 1877 628 1965 prudens
650 1902 763 1944 versus
785 1879 997 1968 reprehendet
1019 1881 1143 1961 inertis,

223 2007 380 2096 Culpabit
404 2008 514 2088 duros,
538 2011 685 2076 incomtis
707 2010 830 2079 adlinet
853 2006 960 2078 atrum

222 2141 422 2206 Transverso
444 2143 569 2210 calamo·
589 2145 737 2233 signum3
762 2143 931 2210 ambitiosa
953 2145 1073 2210 recidet
1153 2159 1157 2164 ‘

223 2270 439 2350 ornamenta
464 2299 582 2364 parum
604 2278 698 2345 claris
719 2279 825 2344 lucem
847 2279 924 2345 dare
947 2292 1062 2366 cogeta

227 2410 352 2498 Arguat
375 2409 526 2497 ambigue
548 2411 692 2488 dictum;
718 2377 874 2479 mutanda
896 2413 1022 2479 notabit
1032 2438 1046 2488 ;1

137 2552 198 2606 450
222 2540 296 2606 Fiet
319 2541 541 2608 Aristarchus:
574 2565 639 2607 non
662 2543 758 2622 dicet,
783 2545 853 2610 Cur
875 2567 936 2630 ego
959 2545 1098 2609 amicum

223 2673 391 2742 Offendam
413 2676 447 2740 in
470 2675 590 2764 nugis?
623 2676 674 2741 hoe
697 2698 794 2764 nugae
818 2676 899 2741 seria
922 2675 1041 2740 ducent

120 2793 129 2817 ⁸
223 2810 266 2874 In
288 2810 373 2874 mala
395 2809 538 2875 derisum
560 2809 667 2888 semel,
690 2819 927 2897 exceptumque
941 2806 1085 2903 sinistre.

184 2962 195 2971 ·
221 2943 272 3009 Ut
294 2943 380 3009 mala
402 2965 499 3031 quem
522 2942 643 3008 scabies
664 2954 722 3009 aut
744 2941 877 3007 morbus
899 2940 1008 3030 regius
1030 2952 1161 3028 urguet,

220 3077 289 3142 Aut
310 3076 470 3142 fanaticus
493 3099 592 3155 error,
616 3087 649 3143 et
671 3075 827 3141 iracunda
848 3074 975 3150 Diana3

137 3221 196 3276 455
219 3210 382 3276 vesanum
405 3208 547 3298 tetigisse
570 3208 684 3273 timent
706 3208 904 3296 fugiuntque
926 3214 1070 3296 poetam,

220 3345 287 3424 Qui
306 3344 457 3434 sapiunt:
490 3343 615 3432 agitant
637 3343 742 3431 pueri,
765 3342 953 3430 incautique
975 3354 1165 3431 sequuntur.
1204 3354 1205 3358 ’

220 3477 300 3557 Hic,
324 3478 403 3571 dum
426 3478 572 3543 sublimis
594 3500 706 3542 versus
728 3487 888 3555 ructatur,
912 3488 944 3541 et
967 3488 1064 3555 errat,

152 3610 156 3617 ’
222 3611 257 3677 Si
281 3610 536 3676 veluti-merulis
558 3610 703 3682 intentus
726 3608 847 3674 decidit
869 3630 988 3697 auceps

221 3744 264 3809 In
286 3755 434 3832 puteum,
458 3742 642 3817 foveamve;
667 3741 754 3829 licet,
780 3740 977 3818 Succurrite,
1000 3739 1134 3828 longum

135 3880 197 3944 460
220 3877 359 3956 Clamet,
382 3877 415 3942 io
437 3876 539 3942 cives:
573 3896 639 3938 non
662 3872 704 3939 sit
727 3873 786 3961 qui
808 3873 921 3939 tollere
942 3883 1043 3937 curet.

221 4010 257 4076 Si
279 4022 370 4077 curet
393 4009 468 4097 quis
490 4030 583 4097 opem
606 4008 701 4086 ferre,
724 4019 758 4072 et
781 4006 948 4073 demittere
970 4006 1100 4081 funem;

219 4145 286 4224 Qut
309 4145 381 4223 scis,
405 4166 446 4208 an
469 4142 611 4231 prudens
633 4141 698 4206 huc
721 4163 754 4206 se
776 4137 959 4228 projecerit,
983 4148 1081 4225 atque

323 4377 346 4408 v.
357 4360 409 4407 441.
426 4356 499 4416 vulg.
512 4357 655 4407 Tonsaros.
812 4356 866 4404 450.
881 4355 936 4403 Nec
945 4353 1018 4404 dicet.

357 4451 409 4500 461.
425 4450 450 4498 Si
460 4465 516 4502 aurs
526 4465 615 4498 onam.
813 4448 867 4496 462.
883 4447 1034 4496 Dasucrrur.
