2844 5130
434 510 705 578 SERMONUM
736 515 814 578 Lrn.
832 515 860 577 1.
888 528 912 577 1.

202 706 293 776 Forte
316 713 412 777 vehas
435 713 588 788 humero;
613 713 713 778 nihilo
734 713 810 801 plus
831 713 966 801 accipias
989 736 1086 801 quam

201 843 258 920 Qui
280 843 327 907 nil
348 843 494 931 portarit.
519 840 570 908 vel
592 844 655 922 dic,
670 842 760 932 ¹quid
781 843 899 908 referat
920 844 1006 909 intra
1128 868 1134 881 ¹

156 978 186 1035 50
203 975 329 1040 Naturae
351 974 423 1039 finis
445 976 578 1054 viventi,
599 974 715 1064 jugera
737 987 864 1039 centum
888 998 928 1040 an

203 1107 288 1171 Mille
311 1111 403 1172 aret?
438 1109 481 1173 At
505 1130 601 1174 suave
622 1119 672 1173 est
693 1131 732 1173 ex
756 1131 873 1196 magno
895 1108 1006 1172 tollere
1029 1126 1149 1173 acervo.

202 1238 286 1316 Dum
305 1263 346 1304 ex
369 1258 469 1328 parvo
491 1235 583 1305 nobis
606 1232 796 1304 tantundem
818 1239 947 1304 haurire
970 1239 1143 1327 relinquas,
1229 1209 1231 1213 i

203 1369 263 1435 Cur
285 1381 343 1437 tua
364 1373 439 1460 plus
462 1373 573 1438 laudes
595 1373 731 1438 cumeris
752 1373 901 1460 granaria
923 1373 1063 1438 nostris?

202 1496 255 1581 Ut,
279 1504 338 1569 tibi
363 1505 388 1569 si
411 1505 452 1570 sit
475 1528 557 1593 opus
579 1503 696 1592 liquidi
720 1524 784 1568 non
807 1504 944 1591 amplius
968 1525 1059 1583 urna,

156 1639 183 1693 tt
201 1633 254 1698 Vel
277 1635 411 1724 cyatho,
437 1647 468 1701 et
491 1636 590 1714 dicas,
613 1635 737 1722 Magno
759 1634 799 1699 de
821 1635 952 1699 flumine
973 1636 1082 1700 malim

201 1750 300 1843 Quam
324 1790 363 1832 ex
384 1766 445 1832 hoc
466 1768 623 1833 fonticulo
647 1765 836 1832 tantundem
861 1789 993 1832 sumere.
1040 1769 1092 1831 Eo
1114 1768 1163 1847 fit,

200 1897 323 1963 Plenior
347 1910 384 1964 ut
406 1898 434 1964 si
457 1922 539 1986 quos
561 1899 696 1964 delectet
719 1898 811 1985 copia
829 1899 931 1994 justo,¹

198 2027 278 2093 Cum
301 2030 373 2118 ripa
396 2030 490 2095 simul
510 2030 633 2095 avolsos
654 2030 737 2094 ferat
760 2028 896 2093 Aufidus
919 2052 997 2094 acer.

196 2159 237 2224 At
260 2160 317 2247 qui
340 2161 459 2227 tantuli
482 2173 564 2249 eget,
588 2172 746 2248 quantum
768 2172 816 2226 est
839 2184 932 2249 opus,
957 2163 984 2226 is
1008 2179 1112 2248 neque
1133 2161 1210 2226 limo

139 2290 175 2354 60
199 2293 378 2360 Turbatam
398 2293 508 2359 haurit
529 2313 658 2380 aquam,
682 2316 739 2358 nec
762 2291 861 2358 vitam
884 2294 1004 2359 amittit
1026 2260 1206 2390 mundis..

195 2424 345 2490 Athona
367 2448 442 2513 pars
461 2425 625 2490 hominum
648 2425 780 2513 decepta
803 2424 952 2512 cupidine
975 2425 1067 2504 falso,
1092 2429 1094 2434 ⁸

195 2557 264 2620 Νη
288 2559 365 2624 satis
386 2569 445 2636 est,
465 2558 589 2645 inquit:
616 2558 693 2645 quia
714 2558 809 2636 tanti,
833 2569 992 2644 quantum
1014 2557 1143 2637 habeas,
1167 2558 1217 2624 sis.

198 2688 284 2781 Quid
306 2690 404 2754 facias
425 2689 497 2753 illi?
523 2689 638 2777 jubeas
660 2688 806 2754 miseram
830 2712 897 2753 esse
918 2689 1066 2769 libenter,

194 2821 360 2898 Quatenus
382 2816 418 2886 id
439 2821 535 2886 facit:
561 2832 599 2886 ut
621 2821 753 2908 quidam
773 2832 967 2886 memoratur
990 2818 1125 2888 Athenis

135 2955 174 3015 65
198 2953 352 3020 Sordidus
373 2977 409 3020 ac
433 2954 533 3033 dives,
556 2954 669 3042 populi
693 2965 890 3019 contemnere
913 2977 1006 3020 voces

198 3083 249 3150 Sic
271 3086 402 3151 solitus:
434 3086 655 3174 Populusme
678 3084 803 3161 sibilat3
829 3097 863 3151 at
885 3088 964 3151 mihi
988 3086 1109 3175 plaudo

198 3211 273 3304 lpse
294 3217 392 3296 domi,
417 3215 512 3282 simul
533 3241 570 3282 ac
591 3239 738 3281 nummos
760 3219 955 3306 contemplor
976 3219 1010 3282 in
1034 3242 1114 3283 arca.

200 3343 359 3415 Tantalus·
379 3372 398 3415 a
420 3348 519 3414 labris
542 3348 650 3429 sitiens
672 3348 831 3436 fugientia
852 3351 960 3436 captat
1014 3404 1015 3407 ,

202 3469 356 3546 Flumina.
381 3481 462 3568 quid
482 3481 590 3546 rides?
620 3491 745 3546 mutato
766 3481 902 3560 nomine,
928 3481 968 3545 de
990 3494 1021 3545 te

148 3619 184 3676 70
203 3606 323 3678 Fabula
344 3625 502 3679 narratur.
524 3610 681 3701 congestis
705 3613 849 3700 undique
872 3613 968 3678 saccis

206 3741 359 3810 Indormis
381 3744 519 3825 inhians,
544 3757 575 3810 et
600 3757 763 3832 tamquam
786 3768 915 3833 parcere
937 3746 1035 3810 sacris

206 3873 340 3962 Cogeris,
366 3887 423 3942 aut
445 3875 540 3964 pictis
564 3887 728 3963 tamquam
742 3877 891 3964 gaudere
913 3876 1051 3949 tabellis,

207 4004 308 4072 Nescis
329 4030 395 4095 quo
417 4009 522 4104 valeat
545 4028 705 4089 nummus,
730 4031 826 4095 quem
848 4008 990 4096 praebeat
1014 4012 1134 4072 usum?

208 4134 296 4204 Panis
317 4151 453 4219 ematur,
477 4141 558 4221 olus,
582 4141 648 4205 vini
671 4141 846 4215 sextarius;
872 4138 954 4204 adde

382 4378 405 4410 v.
416 4362 454 4409 at.
469 4330 545 4420 iulg.
560 4361 681 4408 Macran.
840 4361 878 4408 59.
894 4360 1008 4418 Quamo.

417 4452 455 4500 60.
471 4450 559 4501 Naana
575 4451 653 4500 vitam.
841 4451 879 4501 63.
894 4451 1024 4500 Mrsannn.

670 4566 721 4616 ΑΞ
