<?xml version="1.0" encoding="UTF-8"?>
<!DOCTYPE html PUBLIC "-//W3C//DTD XHTML 1.0 Transitional//EN"
    "http://www.w3.org/TR/xhtml1/DTD/xhtml1-transitional.dtd">
<html xmlns="http://www.w3.org/1999/xhtml" xml:lang="en" lang="en">
 <head>
  <title>
</title>
<meta http-equiv="Content-Type" content="text/html;charset=utf-8" />
  <meta name='ocr-system' content='tesseract 3.04.00' />
  <meta name='ocr-capabilities' content='ocr_page ocr_carea ocr_par ocr_line ocrx_word'/>
</head>
<body>
  <div class='ocr_page' id='page_1' title='image "./horatiusrestitu00flacgoog_0216.png"; bbox 0 0 2844 5130; ppageno 0'>
   <div class='ocr_carea' id='block_1_1' title="bbox 521 482 1324 578">
    <p class='ocr_par' dir='ltr' id='par_1_1' title="bbox 521 482 1324 578">
     <span class='ocr_line' id='line_1_1' title="bbox 521 482 1324 578; baseline -0.002 -32"><span class='ocrx_word' id='word_1_1' title='bbox 521 483 715 578; x_wconf 79' lang='lat' dir='ltr'><strong>nronou</strong></span> <span class='ocrx_word' id='word_1_2' title='bbox 746 482 906 547; x_wconf 70' lang='lat' dir='ltr'><strong>mnan,</strong></span> <span class='ocrx_word' id='word_1_3' title='bbox 1231 482 1324 569; x_wconf 20' lang='lat'>101,</span> 
     </span>
    </p>
   </div>
   <div class='ocr_carea' id='block_1_2' title="bbox 132 669 1244 4213">
    <p class='ocr_par' dir='ltr' id='par_1_2' title="bbox 132 669 1244 4213">
     <span class='ocr_line' id='line_1_2' title="bbox 230 669 1140 769; baseline 0.002 -28"><span class='ocrx_word' id='word_1_4' title='bbox 230 669 385 744; x_wconf 76' lang='lat' dir='ltr'><strong>⁵AEmula</strong></span> <span class='ocrx_word' id='word_1_5' title='bbox 406 701 464 744; x_wconf 86' lang='lat' dir='ltr'><strong>nec</strong></span> <span class='ocrx_word' id='word_1_6' title='bbox 487 681 593 745; x_wconf 87' lang='lat' dir='ltr'><strong>virtus</strong></span> <span class='ocrx_word' id='word_1_7' title='bbox 617 682 752 769; x_wconf 86' lang='lat' dir='ltr'><strong>Capuae,</strong></span> <span class='ocrx_word' id='word_1_8' title='bbox 776 704 834 746; x_wconf 87' lang='lat' dir='ltr'><strong>nee</strong></span> <span class='ocrx_word' id='word_1_9' title='bbox 859 683 1034 769; x_wconf 79' lang='lat' dir='ltr'><strong>Spartacus</strong></span> <span class='ocrx_word' id='word_1_10' title='bbox 1057 701 1140 758; x_wconf 85' lang='lat' dir='ltr'><strong>acer,</strong></span> 
     </span>
     <span class='ocr_line' id='line_1_3' title="bbox 298 812 916 884; baseline 0.003 -10"><span class='ocrx_word' id='word_1_11' title='bbox 298 812 434 878; x_wconf 86' lang='lat' dir='ltr'><strong>Novisve</strong></span> <span class='ocrx_word' id='word_1_12' title='bbox 457 813 555 878; x_wconf 90' lang='lat' dir='ltr'><strong>rebus</strong></span> <span class='ocrx_word' id='word_1_13' title='bbox 577 813 723 878; x_wconf 83' lang='lat' dir='ltr'><strong>infidelis</strong></span> <span class='ocrx_word' id='word_1_14' title='bbox 739 812 916 884; x_wconf 87' lang='lat' dir='ltr'><strong>Allobrox;</strong></span> 
     </span>
     <span class='ocr_line' id='line_1_4' title="bbox 224 928 1039 1032; baseline -0.001 -23"><span class='ocrx_word' id='word_1_15' title='bbox 224 962 226 966; x_wconf 88' lang='grc'><em>·</em></span> <span class='ocrx_word' id='word_1_16' title='bbox 248 928 319 1008; x_wconf 55' lang='lat' dir='ltr'><strong>³Neo</strong></span> <span class='ocrx_word' id='word_1_17' title='bbox 339 946 408 1010; x_wconf 87' lang='lat' dir='ltr'><strong>fera</strong></span> <span class='ocrx_word' id='word_1_18' title='bbox 430 946 569 1010; x_wconf 87' lang='lat' dir='ltr'><strong>eaerulea</strong></span> <span class='ocrx_word' id='word_1_19' title='bbox 591 945 716 1011; x_wconf 89' lang='lat' dir='ltr'><strong>domuit</strong></span> <span class='ocrx_word' id='word_1_20' title='bbox 741 945 917 1010; x_wconf 80' lang='lat' dir='ltr'><strong>Germania</strong></span> <span class='ocrx_word' id='word_1_21' title='bbox 939 945 1039 1032; x_wconf 85' lang='lat' dir='ltr'><strong>pube,</strong></span> 
     </span>
     <span class='ocr_line' id='line_1_5' title="bbox 298 1076 965 1151; baseline 0.001 -12"><span class='ocrx_word' id='word_1_22' title='bbox 298 1076 528 1142; x_wconf 88' lang='lat' dir='ltr'><strong>Parentibusve</strong></span> <span class='ocrx_word' id='word_1_23' title='bbox 551 1076 754 1142; x_wconf 87' lang='lat' dir='ltr'><strong>abominatus</strong></span> <span class='ocrx_word' id='word_1_24' title='bbox 779 1076 965 1151; x_wconf 82' lang='lat' dir='ltr'><strong>Hannibal;</strong></span> 
     </span>
     <span class='ocr_line' id='line_1_6' title="bbox 247 1199 976 1298; baseline 0.003 -29"><span class='ocrx_word' id='word_1_25' title='bbox 247 1199 344 1294; x_wconf 88' lang='lat' dir='ltr'><strong>Inpia</strong></span> <span class='ocrx_word' id='word_1_26' title='bbox 365 1209 539 1298; x_wconf 86' lang='lat' dir='ltr'>perdemus</span> <span class='ocrx_word' id='word_1_27' title='bbox 560 1209 670 1274; x_wconf 86' lang='lat' dir='ltr'><strong>devoti</strong></span> <span class='ocrx_word' id='word_1_28' title='bbox 693 1209 857 1296; x_wconf 83' lang='lat' dir='ltr'><strong>sanguinis</strong></span> <span class='ocrx_word' id='word_1_29' title='bbox 881 1220 976 1274; x_wconf 85' lang='lat' dir='ltr'><strong>aetas:</strong></span> 
     </span>
     <span class='ocr_line' id='line_1_7' title="bbox 180 1323 957 1430; baseline -0.001 -25"><span class='ocrx_word' id='word_1_30' title='bbox 180 1323 216 1379; x_wconf 77' lang='lat'><strong>¹⁰</strong></span> <span class='ocrx_word' id='word_1_31' title='bbox 297 1339 449 1430; x_wconf 81' lang='lat' dir='ltr'><strong>Ferisque</strong></span> <span class='ocrx_word' id='word_1_32' title='bbox 472 1344 591 1406; x_wconf 82' lang='lat' dir='ltr'><strong>rursus&#39;</strong></span> <span class='ocrx_word' id='word_1_33' title='bbox 606 1341 820 1430; x_wconf 88' lang='lat' dir='ltr'><strong>occupabitur</strong></span> <span class='ocrx_word' id='word_1_34' title='bbox 844 1341 957 1406; x_wconf 92' lang='lat' dir='ltr'><strong>solum.</strong></span> 
     </span>
     <span class='ocr_line' id='line_1_8' title="bbox 237 1460 1134 1553; baseline 0.002 -16"><span class='ocrx_word' id='word_1_35' title='bbox 237 1460 412 1539; x_wconf 83' lang='lat' dir='ltr'><strong>Barbarus</strong></span> <span class='ocrx_word' id='word_1_36' title='bbox 435 1474 498 1539; x_wconf 93' lang='lat' dir='ltr'><strong>heu</strong></span> <span class='ocrx_word' id='word_1_37' title='bbox 522 1474 643 1540; x_wconf 87' lang='lat' dir='ltr'><strong>cineres</strong></span> <span class='ocrx_word' id='word_1_38' title='bbox 664 1474 790 1540; x_wconf 83' lang='lat' dir='ltr'><strong>insistet</strong></span> <span class='ocrx_word' id='word_1_39' title='bbox 814 1475 929 1553; x_wconf 88' lang='lat' dir='ltr'><strong>vietor,</strong></span> <span class='ocrx_word' id='word_1_40' title='bbox 954 1484 986 1538; x_wconf 86' lang='lat' dir='ltr'><strong>et</strong></span> <span class='ocrx_word' id='word_1_41' title='bbox 1010 1471 1134 1539; x_wconf 85' lang='lat' dir='ltr'><strong>Urbem</strong></span> 
     </span>
     <span class='ocr_line' id='line_1_9' title="bbox 293 1574 1036 1695; baseline 0 -24"><span class='ocrx_word' id='word_1_42' title='bbox 293 1605 405 1694; x_wconf 87' lang='lat' dir='ltr'><strong>Eques</strong></span> <span class='ocrx_word' id='word_1_43' title='bbox 429 1608 766 1682; x_wconf 76' lang='lat' dir='ltr'><strong>sonante&#39;verberabit</strong></span> <span class='ocrx_word' id='word_1_44' title='bbox 790 1607 931 1695; x_wconf 84' lang='lat' dir='ltr'><strong>ungula:</strong></span> <span class='ocrx_word' id='word_1_45' title='bbox 1032 1574 1036 1580; x_wconf 18' lang='grc' dir='ltr'>ἱ</span> 
     </span>
     <span class='ocr_line' id='line_1_10' title="bbox 132 1725 1099 1826; baseline -0.004 -21"><span class='ocrx_word' id='word_1_46' title='bbox 132 1812 138 1825; x_wconf 30' lang='lat'><em>⁴</em></span> <span class='ocrx_word' id='word_1_47' title='bbox 228 1725 394 1826; x_wconf 74' lang='lat' dir='ltr'><strong>Quaeque</strong></span> <span class='ocrx_word' id='word_1_48' title='bbox 416 1751 526 1804; x_wconf 80' lang='lat' dir='ltr'><strong>carent</strong></span> <span class='ocrx_word' id='word_1_49' title='bbox 549 1738 654 1804; x_wconf 90' lang='lat' dir='ltr'><strong>ventis</strong></span> <span class='ocrx_word' id='word_1_50' title='bbox 677 1750 709 1803; x_wconf 88' lang='lat' dir='ltr'><strong>et</strong></span> <span class='ocrx_word' id='word_1_51' title='bbox 732 1738 854 1804; x_wconf 90' lang='lat' dir='ltr'><strong>solibus</strong></span> <span class='ocrx_word' id='word_1_52' title='bbox 877 1761 948 1804; x_wconf 91' lang='lat' dir='ltr'><strong>ossa</strong></span> <span class='ocrx_word' id='word_1_53' title='bbox 972 1739 1099 1816; x_wconf 83' lang='lat' dir='ltr'><strong>Quirini</strong></span> 
     </span>
     <span class='ocr_line' id='line_1_11' title="bbox 292 1870 921 1960; baseline -0.002 -24"><span class='ocrx_word' id='word_1_54' title='bbox 292 1872 411 1956; x_wconf 86' lang='lat' dir='ltr'><strong>(Nefas</strong></span> <span class='ocrx_word' id='word_1_55' title='bbox 434 1872 567 1958; x_wconf 76' lang='lat' dir='ltr'><strong>videre)</strong></span> <span class='ocrx_word' id='word_1_56' title='bbox 584 1871 753 1960; x_wconf 84' lang='lat' dir='ltr'><strong>dissipabit</strong></span> <span class='ocrx_word' id='word_1_57' title='bbox 776 1870 921 1935; x_wconf 89' lang='lat' dir='ltr'><strong>insolens.</strong></span> 
     </span>
     <span class='ocr_line' id='line_1_12' title="bbox 148 1976 1213 2091; baseline -0.005 -22"><span class='ocrx_word' id='word_1_58' title='bbox 148 1978 189 2069; x_wconf 46' lang='grc' dir='ltr'><strong>Ψ</strong></span> <span class='ocrx_word' id='word_1_59' title='bbox 228 1976 452 2091; x_wconf 55' lang='grc' dir='ltr'><strong>Ρόηὲφιὶἀ</strong></span> <span class='ocrx_word' id='word_1_60' title='bbox 478 2003 640 2091; x_wconf 86' lang='lat' dir='ltr'><strong>expediat,</strong></span> <span class='ocrx_word' id='word_1_61' title='bbox 664 2003 886 2080; x_wconf 79' lang='lat' dir='ltr'><strong>communiter,</strong></span> <span class='ocrx_word' id='word_1_62' title='bbox 911 2013 968 2067; x_wconf 88' lang='lat' dir='ltr'><strong>aut</strong></span> <span class='ocrx_word' id='word_1_63' title='bbox 992 2002 1103 2065; x_wconf 91' lang='lat' dir='ltr'><strong>melior</strong></span> <span class='ocrx_word' id='word_1_64' title='bbox 1127 2024 1213 2088; x_wconf 86' lang='lat' dir='ltr'><strong>pars,</strong></span> 
     </span>
     <span class='ocr_line' id='line_1_13' title="bbox 293 2134 907 2223; baseline 0 -25"><span class='ocrx_word' id='word_1_65' title='bbox 293 2135 396 2200; x_wconf 84' lang='lat' dir='ltr'><strong>Maiis</strong></span> <span class='ocrx_word' id='word_1_66' title='bbox 419 2158 525 2200; x_wconf 86' lang='lat' dir='ltr'><strong>carere</strong></span> <span class='ocrx_word' id='word_1_67' title='bbox 548 2134 695 2223; x_wconf 81' lang='lat' dir='ltr'><strong>quaeritis</strong></span> <span class='ocrx_word' id='word_1_68' title='bbox 717 2134 907 2200; x_wconf 86' lang='lat' dir='ltr'><strong>laboribus?</strong></span> 
     </span>
     <span class='ocr_line' id='line_1_14' title="bbox 157 2247 1065 2354; baseline 0 -26"><span class='ocrx_word' id='word_1_69' title='bbox 157 2322 161 2328; x_wconf 91' lang='lat'><em>.</em></span> <span class='ocrx_word' id='word_1_70' title='bbox 226 2247 352 2331; x_wconf 82' lang='lat' dir='ltr'><strong>Nulla</strong></span> <span class='ocrx_word' id='word_1_71' title='bbox 375 2267 416 2332; x_wconf 86' lang='lat' dir='ltr'><strong>sit</strong></span> <span class='ocrx_word' id='word_1_72' title='bbox 439 2267 499 2332; x_wconf 85' lang='lat' dir='ltr'><strong>bac</strong></span> <span class='ocrx_word' id='word_1_73' title='bbox 522 2267 629 2354; x_wconf 92' lang='lat' dir='ltr'><strong>potior</strong></span> <span class='ocrx_word' id='word_1_74' title='bbox 653 2267 827 2333; x_wconf 88' lang='lat' dir='ltr'><strong>sententia:</strong></span> <span class='ocrx_word' id='word_1_75' title='bbox 854 2265 1065 2330; x_wconf 86' lang='lat' dir='ltr'><strong>Phocaeorum</strong></span> 
     </span>
     <span class='ocr_line' id='line_1_15' title="bbox 295 2400 885 2490; baseline 0 -25"><span class='ocrx_word' id='word_1_76' title='bbox 295 2403 393 2466; x_wconf 91' lang='lat' dir='ltr'><strong>Velut</strong></span> <span class='ocrx_word' id='word_1_77' title='bbox 415 2402 562 2490; x_wconf 82' lang='lat' dir='ltr'><strong>profugit</strong></span> <span class='ocrx_word' id='word_1_78' title='bbox 586 2414 749 2468; x_wconf 82' lang='lat' dir='ltr'><strong>exsecrata</strong></span> <span class='ocrx_word' id='word_1_79' title='bbox 772 2400 885 2466; x_wconf 92' lang='lat' dir='ltr'><strong>civitas</strong></span> 
     </span>
     <span class='ocr_line' id='line_1_16' title="bbox 227 2521 1098 2622; baseline 0 -25"><span class='ocrx_word' id='word_1_80' title='bbox 227 2521 354 2620; x_wconf 39' lang='lat' dir='ltr'><strong>⁴&amp;gros</strong></span> <span class='ocrx_word' id='word_1_81' title='bbox 376 2545 474 2621; x_wconf 84' lang='lat' dir='ltr'><strong>atque</strong></span> <span class='ocrx_word' id='word_1_82' title='bbox 497 2533 579 2598; x_wconf 89' lang='lat' dir='ltr'><strong>lares</strong></span> <span class='ocrx_word' id='word_1_83' title='bbox 602 2535 736 2622; x_wconf 89' lang='lat' dir='ltr'><strong>patrios,</strong></span> <span class='ocrx_word' id='word_1_84' title='bbox 759 2533 1000 2621; x_wconf 88' lang='lat' dir='ltr'><strong>habitandaque</strong></span> <span class='ocrx_word' id='word_1_85' title='bbox 1022 2534 1098 2597; x_wconf 89' lang='lat' dir='ltr'><strong>fana</strong></span> 
     </span>
     <span class='ocr_line' id='line_1_17' title="bbox 134 2633 922 2754; baseline -0.003 -25"><span class='ocrx_word' id='word_1_86' title='bbox 134 2633 187 2685; x_wconf 77' lang='lat'><strong>20</strong></span> <span class='ocrx_word' id='word_1_87' title='bbox 294 2664 392 2753; x_wconf 86' lang='lat' dir='ltr'><strong>Apris</strong></span> <span class='ocrx_word' id='word_1_88' title='bbox 414 2664 557 2753; x_wconf 82' lang='lat' dir='ltr'><strong>reliquit</strong></span> <span class='ocrx_word' id='word_1_89' title='bbox 569 2675 604 2730; x_wconf 81' lang='lat' dir='ltr'><strong>et&#39;</strong></span> <span class='ocrx_word' id='word_1_90' title='bbox 624 2666 796 2754; x_wconf 82' lang='lat' dir='ltr'><strong>rapaoibns</strong></span> <span class='ocrx_word' id='word_1_91' title='bbox 817 2667 922 2753; x_wconf 93' lang='lat' dir='ltr'><strong>lupis:</strong></span> 
     </span>
     <span class='ocr_line' id='line_1_18' title="bbox 181 2781 1244 2885; baseline -0.003 -23"><span class='ocrx_word' id='word_1_92' title='bbox 181 2784 186 2790; x_wconf 42' lang='grc'><strong>’</strong></span> <span class='ocrx_word' id='word_1_93' title='bbox 232 2781 315 2877; x_wconf 75' lang='lat' dir='ltr'><strong>Ire,</strong></span> <span class='ocrx_word' id='word_1_94' title='bbox 339 2797 438 2884; x_wconf 89' lang='lat' dir='ltr'><strong>pedes</strong></span> <span class='ocrx_word' id='word_1_95' title='bbox 462 2805 668 2885; x_wconf 87' lang='lat' dir='ltr'><strong>quocumque</strong></span> <span class='ocrx_word' id='word_1_96' title='bbox 690 2798 806 2876; x_wconf 86' lang='lat' dir='ltr'><strong>ferent,</strong></span> <span class='ocrx_word' id='word_1_97' title='bbox 831 2819 1036 2885; x_wconf 89' lang='lat' dir='ltr'><strong>quocumque</strong></span> <span class='ocrx_word' id='word_1_98' title='bbox 1059 2819 1117 2884; x_wconf 92' lang='lat' dir='ltr'><strong>per</strong></span> <span class='ocrx_word' id='word_1_99' title='bbox 1141 2795 1244 2860; x_wconf 91' lang='lat' dir='ltr'><strong>undas</strong></span> 
     </span>
     <span class='ocr_line' id='line_1_19' title="bbox 297 2927 1005 3017; baseline 0 -25"><span class='ocrx_word' id='word_1_100' title='bbox 297 2929 405 2994; x_wconf 90' lang='lat' dir='ltr'><strong>Notus</strong></span> <span class='ocrx_word' id='word_1_101' title='bbox 427 2929 567 3008; x_wconf 76' lang='lat' dir='ltr'><strong>vocabit,</strong></span> <span class='ocrx_word' id='word_1_102' title='bbox 591 2941 648 2994; x_wconf 90' lang='lat' dir='ltr'><strong>aut</strong></span> <span class='ocrx_word' id='word_1_103' title='bbox 672 2940 843 3017; x_wconf 86' lang='lat' dir='ltr'><strong>protervus</strong></span> <span class='ocrx_word' id='word_1_104' title='bbox 867 2927 1005 2992; x_wconf 87' lang='lat' dir='ltr'><strong>Africus.</strong></span> 
     </span>
     <span class='ocr_line' id='line_1_20' title="bbox 240 3030 1236 3150; baseline -0.001 -26"><span class='ocrx_word' id='word_1_105' title='bbox 240 3055 304 3126; x_wconf 75' lang='lat' dir='ltr'><strong>Sic</strong></span> <span class='ocrx_word' id='word_1_106' title='bbox 326 3030 457 3150; x_wconf 80' lang='lat' dir='ltr'><strong>placet?</strong></span> <span class='ocrx_word' id='word_1_107' title='bbox 487 3086 529 3133; x_wconf 85' lang='lat' dir='ltr'><strong>an</strong></span> <span class='ocrx_word' id='word_1_108' title='bbox 552 3063 667 3127; x_wconf 91' lang='lat' dir='ltr'><strong>melius</strong></span> <span class='ocrx_word' id='word_1_109' title='bbox 691 3061 885 3149; x_wconf 79' lang='lat' dir='ltr'><strong>quis&#39;habet</strong></span> <span class='ocrx_word' id='word_1_110' title='bbox 909 3060 1065 3125; x_wconf 87' lang='lat' dir='ltr'><strong>suadere?</strong></span> <span class='ocrx_word' id='word_1_111' title='bbox 1088 3059 1236 3125; x_wconf 80' lang='lat' dir='ltr'><strong>&#39;secunda</strong></span> 
     </span>
     <span class='ocr_line' id='line_1_21' title="bbox 295 3197 1008 3287; baseline -0.007 -24"><span class='ocrx_word' id='word_1_112' title='bbox 295 3199 422 3263; x_wconf 69' lang='lat' dir='ltr'><strong>Ratem‘</strong></span> <span class='ocrx_word' id='word_1_113' title='bbox 437 3221 596 3287; x_wconf 83' lang='lat' dir='ltr'><strong>occupare</strong></span> <span class='ocrx_word' id='word_1_114' title='bbox 618 3198 700 3286; x_wconf 94' lang='lat' dir='ltr'><strong>quid</strong></span> <span class='ocrx_word' id='word_1_115' title='bbox 723 3220 886 3262; x_wconf 90' lang='lat' dir='ltr'><strong>moramur</strong></span> <span class='ocrx_word' id='word_1_116' title='bbox 909 3197 1008 3260; x_wconf 86' lang='lat' dir='ltr'><strong>alite?</strong></span> 
     </span>
     <span class='ocr_line' id='line_1_22' title="bbox 146 3294 1145 3423; baseline -0.001 -31"><span class='ocrx_word' id='word_1_117' title='bbox 146 3294 204 3359; x_wconf 54' lang='lat'><strong>2⁵</strong></span> <span class='ocrx_word' id='word_1_118' title='bbox 250 3330 315 3395; x_wconf 86' lang='lat' dir='ltr'><strong>Sed</strong></span> <span class='ocrx_word' id='word_1_119' title='bbox 334 3330 483 3423; x_wconf 89' lang='lat' dir='ltr'><strong>juremus</strong></span> <span class='ocrx_word' id='word_1_120' title='bbox 505 3331 540 3394; x_wconf 92' lang='lat' dir='ltr'><strong>in</strong></span> <span class='ocrx_word' id='word_1_121' title='bbox 563 3329 650 3395; x_wconf 89' lang='lat' dir='ltr'><strong>haec:</strong></span> <span class='ocrx_word' id='word_1_122' title='bbox 679 3330 782 3394; x_wconf 82' lang='lat' dir='ltr'><strong>Simul</strong></span> <span class='ocrx_word' id='word_1_123' title='bbox 796 3329 879 3392; x_wconf 80' lang='lat' dir='ltr'><strong>&#39;imis</strong></span> <span class='ocrx_word' id='word_1_124' title='bbox 903 3350 980 3393; x_wconf 85' lang='lat' dir='ltr'><strong>saxa</strong></span> <span class='ocrx_word' id='word_1_125' title='bbox 1003 3326 1145 3391; x_wconf 92' lang='lat' dir='ltr'><strong>renarint</strong></span> 
     </span>
     <span class='ocr_line' id='line_1_23' title="bbox 296 3431 922 3543; baseline -0.002 -16"><span class='ocrx_word' id='word_1_126' title='bbox 296 3431 396 3528; x_wconf 86' lang='lat' dir='ltr'><strong>Vadis</strong></span> <span class='ocrx_word' id='word_1_127' title='bbox 418 3463 535 3543; x_wconf 88' lang='lat' dir='ltr'><strong>levata,</strong></span> <span class='ocrx_word' id='word_1_128' title='bbox 559 3487 600 3528; x_wconf 92' lang='lat' dir='ltr'><strong>ne</strong></span> <span class='ocrx_word' id='word_1_129' title='bbox 623 3463 727 3528; x_wconf 88' lang='lat' dir='ltr'><strong>redire</strong></span> <span class='ocrx_word' id='word_1_130' title='bbox 751 3463 793 3527; x_wconf 90' lang='lat' dir='ltr'><strong>sit</strong></span> <span class='ocrx_word' id='word_1_131' title='bbox 816 3463 922 3527; x_wconf 86' lang='lat' dir='ltr'><strong>nefas:</strong></span> 
     </span>
     <span class='ocr_line' id='line_1_24' title="bbox 255 3593 1180 3683; baseline 0 -26"><span class='ocrx_word' id='word_1_132' title='bbox 255 3593 503 3660; x_wconf 85' lang='lat' dir='ltr'><strong>Neuoonversa</strong></span> <span class='ocrx_word' id='word_1_133' title='bbox 525 3595 657 3660; x_wconf 93' lang='lat' dir='ltr'><strong>domum</strong></span> <span class='ocrx_word' id='word_1_134' title='bbox 680 3593 889 3683; x_wconf 83' lang='lat' dir='ltr'><strong>pigeat&#39;dare</strong></span> <span class='ocrx_word' id='word_1_135' title='bbox 912 3593 1023 3670; x_wconf 84' lang='lat' dir='ltr'><strong>lintea,</strong></span> <span class='ocrx_word' id='word_1_136' title='bbox 1049 3593 1180 3680; x_wconf 89' lang='lat' dir='ltr'><strong>quando</strong></span> 
     </span>
     <span class='ocr_line' id='line_1_25' title="bbox 298 3698 909 3804; baseline -0.002 -10"><span class='ocrx_word' id='word_1_137' title='bbox 298 3698 409 3795; x_wconf 85' lang='lat' dir='ltr'><strong>Padus</strong></span> <span class='ocrx_word' id='word_1_138' title='bbox 433 3730 563 3795; x_wconf 91' lang='lat' dir='ltr'><strong>Matina</strong></span> <span class='ocrx_word' id='word_1_139' title='bbox 586 3730 701 3794; x_wconf 88' lang='lat' dir='ltr'><strong>laverit</strong></span> <span class='ocrx_word' id='word_1_140' title='bbox 725 3728 909 3804; x_wconf 82' lang='lat' dir='ltr'><strong>cacumina3</strong></span> 
     </span>
     <span class='ocr_line' id='line_1_26' title="bbox 254 3859 1054 3948; baseline -0.001 -26"><span class='ocrx_word' id='word_1_141' title='bbox 254 3859 294 3923; x_wconf 94' lang='lat' dir='ltr'><strong>In</strong></span> <span class='ocrx_word' id='word_1_142' title='bbox 318 3882 405 3925; x_wconf 88' lang='lat' dir='ltr'><strong>mare</strong></span> <span class='ocrx_word' id='word_1_143' title='bbox 428 3870 484 3925; x_wconf 84' lang='lat' dir='ltr'><strong>seu</strong></span> <span class='ocrx_word' id='word_1_144' title='bbox 507 3861 611 3925; x_wconf 83' lang='lat' dir='ltr'><strong>celsus</strong></span> <span class='ocrx_word' id='word_1_145' title='bbox 633 3860 829 3948; x_wconf 87' lang='lat' dir='ltr'><strong>procurrerit</strong></span> <span class='ocrx_word' id='word_1_146' title='bbox 854 3860 1054 3947; x_wconf 85' lang='lat' dir='ltr'><strong>Apenninus,</strong></span> 
     </span>
     <span class='ocr_line' id='line_1_27' title="bbox 156 3964 946 4080; baseline 0 -24"><span class='ocrx_word' id='word_1_147' title='bbox 156 3964 225 4038; x_wconf 58' lang='lat'><strong>³0</strong></span> <span class='ocrx_word' id='word_1_148' title='bbox 297 3993 457 4080; x_wconf 86' lang='lat' dir='ltr'><strong>Novaq&#39;ue</strong></span> <span class='ocrx_word' id='word_1_149' title='bbox 480 3999 623 4058; x_wconf 87' lang='lat' dir='ltr'><strong>monstra</strong></span> <span class='ocrx_word' id='word_1_150' title='bbox 640 3987 789 4080; x_wconf 82' lang='lat' dir='ltr'><strong>junxerit</strong></span> <span class='ocrx_word' id='word_1_151' title='bbox 812 3992 946 4057; x_wconf 81' lang='lat' dir='ltr'><strong>libidine</strong></span> 
     </span>
     <span class='ocr_line' id='line_1_28' title="bbox 255 4123 1113 4213; baseline 0 -25"><span class='ocrx_word' id='word_1_152' title='bbox 255 4125 362 4189; x_wconf 88' lang='lat' dir='ltr'><strong>Mirus</strong></span> <span class='ocrx_word' id='word_1_153' title='bbox 385 4148 494 4199; x_wconf 85' lang='lat' dir='ltr'><strong>amor;</strong></span> <span class='ocrx_word' id='word_1_154' title='bbox 516 4125 610 4212; x_wconf 87' lang='lat' dir='ltr'><strong>juvet</strong></span> <span class='ocrx_word' id='word_1_155' title='bbox 635 4139 672 4189; x_wconf 89' lang='lat' dir='ltr'><strong>ut</strong></span> <span class='ocrx_word' id='word_1_156' title='bbox 696 4126 789 4213; x_wconf 85' lang='lat' dir='ltr'><strong>tigris</strong></span> <span class='ocrx_word' id='word_1_157' title='bbox 813 4123 977 4189; x_wconf 90' lang='lat' dir='ltr'><strong>subsidere</strong></span> <span class='ocrx_word' id='word_1_158' title='bbox 1001 4124 1113 4202; x_wconf 82' lang='lat' dir='ltr'><strong>cervis‚&#39;</strong></span> 
     </span>
    </p>
   </div>
   <div class='ocr_carea' id='block_1_3' title="bbox 301 4257 883 4349">
    <p class='ocr_par' dir='ltr' id='par_1_3' title="bbox 301 4257 883 4349">
     <span class='ocr_line' id='line_1_29' title="bbox 301 4257 883 4349; baseline -0.002 -28"><span class='ocrx_word' id='word_1_159' title='bbox 301 4257 512 4349; x_wconf 83' lang='lat' dir='ltr'><strong>Adulteretur</strong></span> <span class='ocrx_word' id='word_1_160' title='bbox 536 4269 567 4322; x_wconf 91' lang='lat' dir='ltr'><strong>et</strong></span> <span class='ocrx_word' id='word_1_161' title='bbox 592 4258 741 4323; x_wconf 86' lang='lat' dir='ltr'><strong>columba</strong></span> <span class='ocrx_word' id='word_1_162' title='bbox 764 4259 883 4330; x_wconf 79' lang='lat' dir='ltr'><strong>milii03</strong></span> 
     </span>
    </p>
   </div>
   <div class='ocr_carea' id='block_1_4' title="bbox 350 4432 1087 4493">
    <p class='ocr_par' dir='ltr' id='par_1_4' title="bbox 350 4432 1087 4493">
     <span class='ocr_line' id='line_1_30' title="bbox 350 4432 1087 4493; baseline -0.003 -12"><span class='ocrx_word' id='word_1_163' title='bbox 350 4450 374 4481; x_wconf 84' lang='lat' dir='ltr'><strong>v.</strong></span> <span class='ocrx_word' id='word_1_164' title='bbox 385 4435 409 4483; x_wconf 87' lang='grc'><strong>6.</strong></span> <span class='ocrx_word' id='word_1_165' title='bbox 425 4434 448 4481; x_wconf 86' lang='lat' dir='ltr'>V</span> <span class='ocrx_word' id='word_1_166' title='bbox 450 4432 500 4493; x_wconf 78' lang='lat' dir='ltr'><strong>ulg.</strong></span> <span class='ocrx_word' id='word_1_167' title='bbox 516 4433 652 4484; x_wconf 77' lang='lat' dir='ltr'><strong>Novrsoor.</strong></span> <span class='ocrx_word' id='word_1_168' title='bbox 828 4435 851 4480; x_wconf 84' lang='grc'><strong>8.</strong></span> <span class='ocrx_word' id='word_1_169' title='bbox 868 4433 1087 4484; x_wconf 75' lang='lat' dir='ltr'><strong>Paneurrausors.</strong></span> 
     </span>
    </p>
   </div>
   <div class='ocr_carea' id='block_1_5' title="bbox 0 0 1426 5130">
    <p class='ocr_par' dir='ltr' id='par_1_5' title="bbox 0 0 1426 5130">
     <span class='ocr_line' id='line_1_31' title="bbox 0 0 1426 5130; baseline 0 0"><span class='ocrx_word' id='word_1_170' title='bbox 0 0 1426 5130; x_wconf 95' lang='lat' dir='ltr'><strong> </strong></span> 
     </span>
    </p>
   </div>
  </div>
 </body>
</html>
