2844 5130
307 110 310 115 ·
349 82 387 159 Q.
413 79 626 145 HORATII
659 78 835 144 FLAoar

515 459 676 534 XXVI.

450 680 503 728 sn
534 680 740 730 vaunnam.
796 651 799 664 '

244 839 341 921 V1xr
366 857 484 946 puellis
506 881 610 948 nuper
632 859 779 938 idoneus,

245 991 291 1055 Et
314 991 449 1057 militavi
472 1015 536 1059 non
560 993 626 1058 sine
648 991 771 1082 gloria:
892 1076 894 1083 Ι

291 1126 388 1207 Nune
411 1147 499 1192 arma
521 1112 884 1214 defunctumquebello

336 1258 493 1324 Barbiton
516 1258 579 1343 hic·
591 1259 697 1348 paries
719 1254 863 1337 habebit,

204 1399 222 1451 5
247 1389 538 1457 Laevummarinae
561 1392 620 1480 qui
643 1390 775 1458 Veneris
797 1392 883 1456 latus

246 1522 407 1588 Custodit.
431 1523 495 1603 hic,
519 1522 571 1589 hic
590 1525 705 1612 ponite
726 1522 835 1604 lucida

291 1654 441 1735 Funalia,
464 1667 497 1721 et
520 1657 630 1737 vectis,
655 1668 687 1722 et
710 1679 803 1722 arcus

335 1789 501 1877 Oppositis
524 1789 649 1854 foribus
672 1791 819 1855 minaces.

223 1921 275 1985 ,0
299 1943 373 2007 quae
396 1922 522 1987 beatam
546 1923 633 1988 Diva
656 1936 745 1989 tenes
770 1923 930 2010 Cyprum,
954 1932 987 1984 et

186 2063 223 2114 10
246 2052 416 2140 Memphin
440 2066 600 2120 carentem
625 2054 770 2121 Sithonia
793 2054 877 2131 nive,

291 2186 441 2274 Regina„
455 2188 584 2254 sublimi
607 2189 753 2281 flagello¹

336 2319 450 2408 Tange
475 2302 598 2387 Chlo'a'n
622 2322 717 2387 semel
741 2330 952 2408 arrogantem.

503 2588 688 2663 XXVII.
767 2619 770 2633 ·
872 2599 875 2609 '

322 2782 325 2788 ’
444 2782 496 2834 ΑΙ)
526 2783 751 2836 GALATEAM.

247 2926 371 3010 Iurros
395 2969 500 3035 parrae
523 2946 693 3012 recinentis
716 2966 807 3009 omen

247 3078 368 3158 Ducat,
391 3041 427 3144 et
446 3102 617 3168 praegnans
640 3077 737 3156 canis,
762 3085 820 3141 aut
842 3074 884 3138 ab
908 3094 986 3161 agro

246 3211 340 3298 Rara
361 3211 534 3278 decurrens
556 3212 636 3300 lupa
659 3209 843 3287 Lanuvino,
956 3177 980 3188 ’-

261 3308 264 3313 ¹
336 3346 496 3434 Foetaque
518 3348 638 3435 volpes.

203 3487 221 3540 5
246 3477 386 3564 Rumpit
409 3490 442 3544 et
466 3501 595 3568 serpens
617 3479 679 3544 iter
701 3475 900 3552 institutum,

246 3609 280 3673 Si
304 3632 361 3697 per
383 3608 549 3698 obliquom
573 3609 685 3675 similis
708 3610 835 3697 sagittae

246 3741 380 3807 Terruit
403 3765 543 3808 mannos.
568 3765 628 3830 ego
652 3741 704 3805 cui
728 3741 848 3806 timebo

335 3874 496 3941 Providus
519 3897 653 3962 auspex,

451 4068 474 4100 v.
486 4054 509 4100 5.
526 4050 599 4110 Vuig.
615 4050 735 4099 Rursum.
