2844 5130
490 384 528 460 Q.
554 382 768 451 nonnum
800 361 978 486 rancor

230 584 343 670 Sperat
365 581 469 661 idum
495 581 589 646 sudet
612 583 764 658 multum,
787 581 982 668 frustraque
995 580 1120 645 laboret
1226 593 1229 597 ’
1275 554 1278 561 ¹

229 716 338 780 Ausus
360 713 455 779 idem.
480 724 607 791 tantum
631 715 727 781 series
746 715 966 810 juncturaque
989 713 1090 802 pollet
1100 726 1111 778 ε’

231 851 376 919 Tantum
398 848 440 913 de
463 846 570 922 medio
592 848 706 915 sumtis
728 820 850 914 aocedit
872 847 1012 913 honoris.

231 982 326 1048 silvis
350 981 482 1048 deducti
505 993 649 1061 careant,
673 1004 724 1046 me
742 982 865 1074 judice,
890 981 1009 1059 Fauni,

146 1127 203 1179 245
228 1115 280 1178 Ne
303 1115 393 1179 velut
415 1112 518 1179 innati
540 1113 655 1193 triviis,
679 1137 716 1179 ao
738 1137 820 1202 pene
843 1114 995 1193 forenses,

229 1248 297 1311 Aut
320 1235 456 1324 nimium
479 1246 596 1312 teneris
615 1247 812 1340 juvenantur
835 1246 981 1313 versibus
1004 1266 1172 1332 umquam,

229 1379 297 1456 Aut
320 1379 476 1444 inmunda
499 1390 629 1467 crepent
651 1378 928 1467 ignominiosaque
951 1349 1047 1444 diota.
1074 1428 1076 1432 -

229 1512 449 1578 Offenduntur
472 1513 568 1599 enim,
592 1512 712 1601 quibus
736 1525 784 1578 est
805 1520 922 1601 equus,
946 1525 978 1578 et
1001 1523 1105 1599 pater,
1129 1522 1256 1589 etresr

229 1645 310 1724 Nec,
335 1644 362 1709 si
385 1644 467 1732 quid
488 1645 576 1710 fricti
599 1644 708 1711 'ciceris
731 1645 848 1733 probat
871 1657 903 1711 et
926 1645 1019 1711 nucis
1041 1654 1156 1722 emtor,

146 1789 205 1853 250
229 1777 350 1864 AEquis
373 1777 535 1865 accipiunt
554 1777 685 1856 laniatis,
707 1777 869 1849 donantve
891 1800 1017 1848 corona.

119 1942 123 1948 ·
232 1910 364 1998 Syllaba
385 1910 491 2000 longa*
504 1911 597 1976 brevi
616 1911 764 1998 subjecta
786 1910 921 1987 vocatur
945 1911 1091 1990 Iambus3

230 2042 293 2106 Pes
315 2042 418 2108 citus:
440 2044 530 2112 :unde
552 2046 648 2114 etiam
673 2044 845 2110 Trimetris
867 2045 1048 2114 adcrescere
1067 2045 1167 2133 jussit
1255 2123 1258 2128 .
1298 2048 1300 2054 '

231 2178 357 2242 Nomen
379 2177 523 2258 iambeis,
548 2202 622 2245 cum
646 2202 737 2244 senos
759 2179 907 2245 redderet
930 2181 1014 2245 ictus

231 2309 362 2375 Primus
384 2310 427 2374 ad
450 2323 630 2378 extremum
653 2311 764 2377 similis
787 2312 868 2377 sibit
892 2335 956 2377 non
978 2313 1026 2378 ita
1048 2313 1189 2401 pridem,

147 2454 204 2506 255
230 2442 372 2507 Tardior
396 2455 434 2526 ut
452 2443 568 2530 ⁴paullo
590 2445 785 2532 graviorque
803 2435 929 2513 veniret
953 2445 994 2512 ad
1018 2447 1117 2525 auris,

232 2574 397 2663 Spondeos
420 2575 544 2671 stabilis
563 2567 598 2642 ¹in
619 2577 697 2665 jura
718 2589 853 2665 paterna
875 2579 995 2667 recepit
1034 2539 1037 2557 .

231 2707 429 2778 Commodus
452 2719 485 2772 et
508 2709 652 2796 patiens3
678 2732 742 2774 non
765 2722 804 2779 ut
827 2709 869 2774 de
892 2711 965 2776 sede
988 2711 1130 2779 secunda

232 2840 368 2906 Cederet
391 2853 449 2907 aut
473 2853 590 2927 quarta
614 2842 781 2907 socialiter.
805 2842 858 2908 hic
880 2842 968 2907 etin
992 2844 1089 2908 Acoi'

232 2974 409 3064 Nobilibus
428 2965 582 3040 trimetris
605 2987 739 3064 apparet
762 3000 866 3055 rarus,
890 2988 923 3042 et
946 2979 1044 3042 Enni.

148 3110 206 3170 260
232 3108 274 3171 In
298 3130 423 3172 scenam
446 3108 562 3175 missus
586 3132 659 3174 cum
683 3132 800 3198 magno
823 3109 966 3198 pondere
988 3133 1112 3190 versus,

233 3241 300 3306 Aut
323 3244 440 3329 operae‘
452 3244 564 3308 celeris
586 3244 722 3310 nimium
746 3269 889 3333 curaque
912 3247 1063 3325 carentis,

234 3375 301 3438 Aut
324 3375 480 3462 ignoratae
504 3377 622 3464 premit
644 3379 723 3443 artis
746 3379 879 3444 crimine
901 3380 1001 3467 turpi.

234 3508 311 3571 Non
333 3507 440 3594 quivis
463 3509 552 3574 videt
574 3510 775 3577 inmodulata
796 3521 947 3600 poemata
965 3513 1091 3602 judext

234 3641 281 3704 Et
305 3639 381 3705 data
405 3641 561 3706 Romanis
583 3644 676 3708 venia
699 3657 747 3710 est
770 3616 905 3733 indipna
926 3647 1041 3734 poetis.

153 3777 210 3836 265
237 3772 406 3837 Idcircone
429 3797 545 3863 vager,
564 3776 766 3864 scribamque
789 3779 945 3844 licenter?
975 3791 1013 3844 ut
1036 3780 1142 3844 omnis

235 3906 368 3972 Visuros
389 3920 522 3995 peccata
544 3921 656 3997 putem
681 3933 769 3984 mea;
795 3923 888 3976 tutus
912 3923 944 3976 et
967 3912 1054 3977 intra

237 3999 337 4125 Spem!
356 4040 459 4104 veniae
482 4045 621 4106 cautus?
652 4043 752 4107 vitavi
776 4025 915 4131 denique
938 4045 1080 4132 culpam,

237 4169 312 4232 Non
335 4171 464 4236 laudem
488 4175 601 4238 merui.
626 4198 682 4238 vos
706 4175 900 4263 exemplaria
927 4176 1044 4242 Graeca

324 4361 345 4392 v.
356 4346 409 4393 250.
426 4346 501 4406 Vuig.
517 4349 608 4397 Missos
619 4365 707 4397 munao
719 4367 769 4398 cun
782 4367 807 4409 p.
954 4351 1008 4399 265.
1024 4349 1065 4398 Au
1076 4365 1183 4398 unumst
