2844 5130
472 411 475 416 ’
499 427 536 502 Q.
560 426 772 492 nonnum
804 429 976 493 ΠΛΟ-οι

324 622 494 700 Relabsus,
519 635 617 710 atque
640 636 737 690 notus
759 626 792 689 in
817 627 925 692 voltus
948 627 1059 691 honor.

322 754 409 819 Dedi
429 757 508 821 satis
532 779 693 848 superque
715 779 882 845 poenarum
907 758 978 838 tibi,

260 899 300 951 20
323 889 438 957 Amata
460 890 567 960 nautis
590 891 732 956 multum
754 902 787 955 et
809 891 1020 957 institoribus.
1131 924 1134 928 ·

322 1021 425 1108 Fugit
443 1022 615 1108 juventas3
641 1035 674 1113 et
696 1023 897 1088 verecundus
921 1024 1008 1088 color

322 1154 471 1242 Reliquit
494 1178 561 1233 ora,
585 1155 669 1243 pelle
692 1155 808 1221 amicta
830 1131 946 1221 lurida.

322 1287 407 1351 Tuis
429 1288 567 1376 capillus
589 1289 683 1355 albus
706 1301 754 1353 est
777 1289 939 1365 odoribus.

319 1419 457 1484 Nullum
481 1443 500 1484 a
522 1420 632 1486 labore
653 1444 704 1486 me
726 1421 862 1487 reclinat
884 1423 995 1487 otium.

259 1563 297 1616 25
322 1553 454 1640 Urguet
478 1552 563 1616 diem
586 1574 663 1631 nox,
687 1565 720 1618 et
743 1553 811 1618 dies
829 1540 978 1619 noctem:
1004 1576 1111 1642 neque
1135 1567 1185 1619 est

321 1685 445 1750 Levare
468 1697 558 1751 tenta
581 1687 697 1774 spiritu
721 1687 908 1775 praecordia.

319 1820 410 1905 Ergo
433 1829 587 1906 negatum
611 1820 721 1883 vincor
745 1831 782 1884 ut
806 1819 933 1884 credam
957 1820 1063 1897 miser,

211 2031 214 2036 .
320 1950 448 2015 Sabella
470 1947 585 2038 pectus
607 1934 772 2040 increpare
794 1920 945 2029 carmina,
1061 1984 1064 1989 ¹

319 2083 496 2171 Caputque.
518 2083 631 2147 Marsa
653 2083 928 2149 dissilire-naenia.

254 2226 293 2277 30
317 2214 404 2292 Quid
422 2214 567 2302 amplius
590 2215 662 2279 vis?
693 2213 835 2294 (linare,
859 2218 879 2279 ὂ
903 2227 999 2294 terra,
1024 2216 1136 2294 ardeo,

316 2348 484 2425 Quantum
507 2369 612 2434 neque
634 2360 705 2414 atro
728 2348 893 2413 delibutus
918 2348 1078 2413 Hercules

316 2479 411 2543 Nessi
434 2502 650 2558 cruore,.nec.
665 2481 779 2546 Sicana
801 2479 927 2545 fervida

317 2613 444 2677 Furens
465 2613 500 2677 in
523 2613 785 2678 AEtnazilamma.
812 2626 880 2693 tua,
905 2614 1005 2679 donec
1029 2614 1110 2679 cinis

316 2745 620 2834 Injuriosistaridus
643 2746 748 2812 ventis
770 2747 867 2825 ferar,

252 2890 291 2943 35
317 2879 410 2943 Calet
432 2878 711 2944 venenisssoffioina
735 2880 903 2944 Colchicis.

313 3013 395 3090 Quae
418 3010 516 3077 finis?
546 3023 603 3076 aut
627 3010 716 3098 quod
739 3035 790 3077 me
814 3023 920 3077 manet
943 3011 1167 3100 stipendium?

312 3144 441 3209 Effare:
462 3143 580 3231 jussas:
593 3166 667 3209 cum
690 3144 894 3238 fidepoenas
910 3144 1018 3220 luam;

195 3362 198 3368 ι
313 3279 453 3342 Paratus
475 3276 617 3365 expiare,
642 3300 698 3342 seu
720 3276 904 3366 poposceris

295 3401 454 3474 'Centum
473 3409 632 3499 juvncis
658 3409 724 3474 sive
747 3408 893 3474 mendaci
915 3408 988 3496 lyra

250 3553 289 3606 40
313 3542 409 3607 Voles
433 3541 569 3606 sonari::
582 3540 775 3629 tupudica,
800 3553 838 3606 tu
860 3540 964 3627 proba

312 3675 556 3741 Perambulabis
565 3730 568 3737 .
578 3687 676 3740 astra⁴
688 3674 786 3740 sidus.
800 3697 944 3739 aureum.

313 3807 448 3873 Infamis
472 3807 618 3872 Helenae·
631 3807 748 3872 Castor
770 3805 911 3872 offensus
934 3805 1047 3884 vicem,

313 3940 493 4026 Fraterquc
515 3939 625 4027 magni
649 3938 804 4018 Castoris,
829 3938 905 4005 victi
928 3961 1034 4026 prece,

304 4216 328 4247 v.
340 4200 376 4246 18.
393 4198 468 4258 Vulg.
484 4197 610 4248 Ronanus.
728 4200 767 4246 22.
784 4198 855 4246 Ossa.
975 4199 1013 4245 ³0.
1029 4197 1108 4253 Marc,
1127 4213 1157 4244 nu
1169 4206 1229 4248 tem

339 4289 378 4337 33.
394 4289 500 4339 Vincas.
515 4307 556 4339 τυ.
727 4291 766 4338 35.
783 4289 874 4339 Canus.
973 4291 1012 4338 39.
1027 4284 1163 4338 Ju‘vzscos.

337 4382 375 4429 42.
392 4381 464 4430 l'icc.
