2828 5122
438 472 709 537 SERMONUM
740 473 817 536 Lm.
836 473 885 536 11.
908 477 936 536 6.

187 671 440 769 dutumnusque'
454 672 575 772 gravis,
585 684 587 689 ⁴
599 671 752 736 Libitinae
774 682 918 758 quaestus
940 673 1080 741 acerbaex

133 815 166 866 >20
187 801 350 866 Matutine
373 813 474 889 pater,
499 825 554 867 seu
577 804 660 867 Jane
681 803 959 891 libentius-audis,

187 935 284 1000 Unde
305 935 447 1001 homines
468 957 601 1023 operum
623 935 742 1023 primos
763 937 903 1022 vitoeque
924 936 1048 1001 labores

188 1067 369 1137 Instituunt
393 1068 453 1155 (sic
477 1069 537 1133 Dis
559 1068 727 1155 placitum)
753 1079 799 1132 tu
812 1069 958 1133 carminis
981 1081 1048 1134 esto

186 1199 400 1288 Principium:
436 1203 549 1266 Romae
572 1223 753 1287 sponsorem
776 1223 826 1264 me
848 1201 950 1288 rapis:
984 1201 1057 1280 Eia,

186 1333 234 1397 Ne
255 1332 346 1421 prior
366 1333 478 1398 officio·
491 1333 661 1420 quisquam
684 1332 883 1420 respondeat,
907 1355 1027 1420 urguo:

134 1476 165 1535 ¹25
187 1464 258 1530 Sine
281 1465 402 1552 Aquilo
424 1465 508 1531 r'a'dit
531 1477 641 1544 terras,
666 1478 727 1530 seu'
743 1465 867 1530 bruma
881 1465 1016 1531 nivalem

186 1598 341 1664 Inter-iore
362 1598 447 1663 diem
468 1620 550 1687 gyro
573 1598 682 1675 trahit,
705 1599 752 1661 ire
774 1621 898 1663 necesse
920 1609 976 1663 est.
1038 1634 1042 1642 ·

185 1730 368 1808 Postmodo3
397 1730 485 1817 quod
507 1730 551 1794 mi
566 1730 668 1807 obsit,
692 1729 775 1794 clare
797 1741 989 1816 certumque·
1005 1730 1123 1809 locuto,

187 1861 392 1926 Luctandum
414 1861 449 1924 in
472 1861 578 1940 turbo,
602 1873 634 1925 et
656 1860 800 1926 facienda
821 1859 940 1947 injuria
961 1860 1069 1932 tardis.

186 1993 269 2071 Quid
293 1993 353 2059 tibi
375 1993 435 2071 vis,
458 1993 575 2072 insane,
596 2005 628 2059 et
651 2015 747 2080 quarn
770 2015 835 2058 rem
858 1993 950 2082 agis?
975 1993 1131 2082 inprobus
1153 2011 1269 2086 urguet

137 2125 280 2190 2301ratis
302 2125 460 2214 precibus.
484 2137 530 2190 tu¹
543 2124 651 2212 pulses
673 2147 765 2189 omne
788 2124 875 2212 quod
897 2124 1014 2204 obstat,

187 2257 233 2321 Ad
256 2258 466 2327 Maecenatem
488 2257 619 2324 memori
642 2257 668 2322 si
690 2268 794 2322 mente
816 2269 968 2322 recurras.

187 2390 256 2480 dioc
274 2391 384 2478 juvat,
406 2401 437 2455 et
460 2390 546 2454 melli
568 2400 635 2465 est;
663 2397 725 2454 non
748 2390 948 2454 mentiar-at
970 2391 1065 2455 simul
1087 2404 1171 2458 atras

187 2521 323 2588 Ventum
345 2533 392 2587 est
415 2521 599 2608 Esquilias;
624 2522 726 2586 aliena
748 2521 882 2608 negotia
897 2534 1025 2587 centum

189 2653 246 2718 Per
268 2665 367 2740 caput
390 2664 421 2718 et
444 2653 527 2719 circa
549 2653 666 2718 saliunt
689 2653 782 2718 latus.
830 2653 913 2718 Ante
936 2655 1103 2720 secundam

139 2792 170 2849 ‚³5
188 2787 328 2852 Roscius·
343 2786 462 2851 orabat
479 2786 539 2851 sibi
562 2786 685 2850 adesses
707 2785 749 2849 ad
773 2785 887 2851 Puteal
910 2809 986 2852 cras.

186 2920 233 2983 De
255 2943 289 2984 re
312 2919 472 2984 communi
496 2918 606 2983 scribae
629 2940 745 3005 magna
767 2929 863 3004 atque
886 2929 969 2983 nova
986 2929 1022 2995 ⁸te

172 3020 326 3117 'Orabant
348 3051 443 3116 hodie
465 3051 669 3128 meminisses,
693 3051 822 3128 Quinte,
846 3051 971 3115 reverti.

188 3184 341 3274 Inprimat
364 3184 415 3248 his
437 3206 514 3248 cura
537 3185 697 3247 Moecenas
721 3181 810 3270 signa
833 3182 966 3256 tabellis.

186 3317 322 3395 Dixeris,
347 3315 523 3403 Experiar:
560 3315 593 3379 Si
616 3315 675 3392 vis,
700 3326 800 3402 potes,
824 3314 925 3391 addit,
949 3320 981 3380 et
1003 3315 1109 3380 instat.

141 3457 169 3509 40
188 3437 345 3539 septimus
366 3459 481 3513 octavo
503 3447 639 3535 propior*
652 3448 720 3534 jam
741 3447 862 3534 fugerit
884 3453 997 3519 annus,

187 3582 235 3648 Ex
259 3603 326 3669 quo
350 3583 510 3646 Maecenas
532 3602 582 3644 me
605 3580 708 3667 coepit‘
724 3579 840 3644 habere
863 3584 999 3644 suorum'

187 3714 224 3778 In
247 3737 398 3778 numero:
432 3712 599 3777 dumtaxat
621 3711 756 3790 adhoc,
780 3717 874 3799 quern
898 3713 1007 3778 tollere
1030 3712 1128 3777 rheda

187 3846 295 3925 Vellet,
318 3845 380 3913 it'er
402 3844 539 3917 iaciens3
564 3858 595 3910 et
618 3844 669 3908 cui
692 3845 877 3909 concredere
899 3866 1000 3930 nugas
1091 3871 1092 3874 ¹

162 4006 167 4039 r
187 3978 259 4043 Hoc
268 4001 382 4067 genus,
408 3979 501 4041 Hora
514 3980 704 4064 quotaest?
752 3977 862 4041 Threx
878 3987 925 4040 est
942 3977 1071 4043 Gallina
1091 3980 1173 4067 Syro
1192 4005 1267 4068 par:

140 4116 168 4168 45
187 4110 349 4175 Matutine
371 4132 485 4196 parum
504 4115 619 4173 cautos‘
633 4108 699 4195 jam
723 4108 842 4193 frigora
865 4108 1026 4174 mordent:

187 4241 229 4305 Et
250 4265 324 4328 quae
347 4240 462 4304 rimosa
484 4240 563 4304 bene
586 4239 789 4327 deponuntur
812 4239 843 4301 in
867 4263 952 4304 aure.

242 4433 265 4464 v.
275 4417 313 4464 28.
331 4415 405 4474 Vulg.
419 4412 505 4470 Turba,
521 4411 567 4459 sac.
682 4409 720 4456 29.
736 4408 799 4466 Quid
810 4408 852 4464 vis,
863 4409 951 4470 insane,
967 4421 990 4460 et
1000 4429 1062 4464 orris
1074 4429 1116 4460 uss
1126 4413 1183 4473 agis.
