2828 5122
419 508 689 576 CARMINUM
720 511 799 574 Lr'a.
817 510 888 576 111.

305 711 457 773 Somnum
480 708 643 774 reducent.
669 730 797 773 somnus
820 707 996 796 agrestium

304 841 402 905 Lenis
424 841 567 904 virorum
589 863 654 904 non
675 840 807 905 humilis
829 839 940 906 domos

348 972 489 1036 Fastidit
512 959 759 1058 umbrosamque
781 972 896 1059 ripam,

394 1105 469 1169 Non
493 1105 653 1194 Zephyris
676 1092 797 1193 agitata
820 1105 954 1192 Tempe.

240 1249 277 1302 25
303 1236 545 1302 Desiderautem
568 1236 658 1325 quod
681 1237 757 1302 satis
780 1247 839 1315 est,
862 1260 967 1324 neque

304 1362 560 1436 Tumultuosum
584 1370 733 1436 sollicitat
756 1391 854 1448 mare,

348 1502 417 1567 Nee
441 1524 545 1567 saevus
568 1502 699 1567 Arcturi
722 1501 866 1567 cadentis

395 1634 553 1722 Impetus,
578 1648 635 1700 aut
657 1634 788 1699 orientis
812 1633 930 1699 Hmdi:

305 1767 380 1831 Non
402 1767 578 1832 verberatae
600 1766 757 1855 grandine
779 1767 892 1845 vineae,

242 1911 281 1962 30
304 1899 506 1986 Fundusque
528 1899 687 1975 mendax;
712 1899 825 1964 arbore
847 1920 933 1963 nuuc
955 1920 1056 1985 aquas

351 2032 524 2120 culpante,
548 2054 634 2097 nuuc
657 2030 811 2096 torrentia
831 2052 927 2119 agros

397 2163 520 2242 Sidera,
544 2186 631 2229 nunc
654 2163 780 2228 hiemes
794 2162 932 2250 iniquas.

306 2297 480 2361 Contracta
501 2296 605 2385 pisces
627 2318 759 2384 oequora
782 2297 936 2375 sentiunt,

205 2440 209 2447 '
305 2429 408 2493 Jaetis
431 2429 464 2492 in
487 2428 590 2494 altum
612 2428 769 2494 molibus:
793 2428 858 2493 huc
880 2429 1031 2516 frequens
1134 2488 1138 2502 ,

246 2572 284 2625 35
351 2561 516 2626 Caementa
539 2560 680 2627 demittit
703 2560 863 2626 redemtor

398 2694 483 2758 Cum
505 2692 647 2772 famulis,
672 2691 886 2779 dominusque
909 2704 1003 2758 terrae

307 2823 524 2890 Fastidiosus:
551 2825 607 2890 sed
629 2824 725 2889 timor
746 2835 780 2889 et
801 2823 896 2889 minae

308 2955 473 3023 Scandunt
496 2957 607 3022 eodem
630 2978 697 3044 quo
714 2956 886 3021 domiuus:
911 2978 1016 3042 neque

353 3089 490 3156 Deoedit
513 3101 612 3155 aerata
633 3088 767 3168 triremi,
791 3102 823 3154 et

247 3233 286 3284 40
399 3222 479 3287 Post
502 3221 643 3309 equitem
667 3221 754 3286 sedet
777 3234 957 3291 anaema

310 3353 406 3431 Quod
429 3352 455 3419 si
478 3354 639 3420 dolentem
661 3377 719 3430 nec
743 3354 908 3444 Phrygius
930 3355 1023 3443 lapis,

309 3487 376 3551 Nec
399 3508 620 3574 purpurarum
643 3487 744 3553 sidere
766 3488 882 3552 clarior

275 3656 279 3665 ι
356 3619 480 3685 Delinit
502 3643 592 3700 usus,
615 3643 673 3685 nec
698 3621 837 3713 Falerna

399 3752 494 3833 Vitis,
519 3752 797 3818 thaemeniumve
819 3764 962 3827 costum}

248 3898 285 3950 45
311 3887 380 3951 Cur
403 3885 585 3951 invidendis
607 3887 767 3974 postibus,
790 3898 822 3952 et
844 3909 928 3951 novo

310 4019 454 4085 Sublime
476 4019 543 4085 ritu
566 4021 680 4087 moliar
702 3999 844 4086 atrium?

355 4153 424 4217 Cur
446 4153 529 4219 valle
552 4164 731 4240 permutem
756 4152 874 4218 Sabina

401 4286 541 4350 Divitias
563 4286 783 4375 operosiores?

457 4479 480 4510 v.
492 4463 529 4512 44.
546 4462 619 4521 Vulg.
635 4462 873 4514 Acunaruroueuu.
