2844 5130
321 492 326 499 ·
406 472 597 552 EPODON
629 473 787 538 LIBER.
816 498 820 511 ·

226 673 353 739 Othone
375 684 546 752 contemto,
571 673 681 738 sedet?

184 806 268 884 Quid
290 806 405 871 attinet
428 817 477 870 tot
500 828 556 870 ora
578 805 710 876 navium
731 805 824 893 gravi

226 940 381 1005 Rostrata
403 939 478 1005 duci
501 937 641 1027 pondere

186 1071 303 1136 Contra
325 1072 465 1136 latrones
488 1082 586 1159 atque
610 1070 756 1135 servilem
778 1072 932 1134 manum?

135 1214 166 1267 to
228 1206 312 1282 Hoc,
336 1203 397 1268 hoc
421 1204 552 1268 tribuno
576 1203 724 1269 militum.

571 1638 620 1710 V.

331 1829 374 1878 IN
400 1830 602 1879 CANIDIAM
628 1828 866 1879 VENEFICAM.

188 1990 249 2071 Ar
274 2011 294 2071 ὂ
318 2009 462 2073 Deorum
486 2008 644 2096 quicquid
664 2007 700 2071 in
722 2006 801 2072 caelo
823 2005 907 2093 regit

203 2174 209 2186 ·
231 2141 350 2205 Terras
373 2152 406 2206 et
427 2140 605 2205 humanum
628 2156 741 2228 genus,

189 2272 274 2348 Quid
296 2274 357 2337 iste
379 2273 442 2337 fert
465 2273 649 2338 tumultus?
679 2283 712 2335 ct
735 2269 816 2357 quid
831 2267 981 2334 'omnium

232 2404 348 2468 Voltus
370 2404 404 2467 in
426 2428 528 2468 unum
551 2406 601 2469 me
624 2406 754 2468 truces?

154 2535 250 2600 5Per
272 2536 390 2607 liberos
413 2548 455 2614 te,
481 2536 507 2600 si
530 2547 643 2601 vocata
665 2534 826 2623 partubus

232 2666 360 2731 Lucina
382 2667 465 2732 veris
488 2667 606 2746 adfuit,

189 2800 253 2865 Per'
273 2800 338 2866 hoc·
356 2800 450 2865 inane
472 2823 628 2889 purpurae
651 2800 749 2864 decus
770 2818 895 2886 precor,

232 2933 296 2996 Per
319 2932 567 3019 inprobaturum
589 2932 659 2998 haec
682 2934 817 2996 Jovem:

190 3065 276 3143 Quid
300 3076 338 3129 ut
360 3087 497 3130 noverca
519 3088 570 3130 me
591 3064 738 3142 intueris,
762 3076 819 3129 aut
843 3063 892 3128 uti

133 3205 169 3267 ¹10
235 3197 343 3261 Petita
365 3197 451 3262 ferro
472 3198 591 3262 belua?

190 3331 239 3393 Ut
261 3330 331 3395 hacc
355 3340 509 3395 tremente
532 3342 666 3418 questus
689 3353 743 3395 ore
766 3329 909 3394 constitit

236 3463 424 3550 Insignibus
446 3463 549 3551 raptis
570 3485 663 3552 puer,

192 3583 320 3681 Inpuire
343 3617 470 3682 corpus,
495 3596 591 3682 quale
613 3605 721 3685 posset
744 3595 832 3682 inpia

235 3726 367 3792 Mollire
391 3717 557 3792 Thracum
580 3740 727 3815 pectora:

138 3870 169 3922 15
192 3858 328 3923 Canidia
349 3859 503 3923 brevibus
518 3859 678 3947 ‘inplicata
701 3859 818 3946 viperis

238 3991 346 4055 Crinis
368 4002 400 4056 et
423 3991 599 4056 inwmtum
623 4003 733 4079 caput,
761 3988 765 3995 ’

192 4126 215 4188 J
218 4124 296 4188 ubet
320 4124 474 4211 sepulcris
497 4125 666 4213 caprificos¹
686 4136 803 4202 erutas,

238 4258 341 4322 Jubet
364 4281 533 4346 cupressus
555 4257 723 4334 funebria,

451 4450 474 4481 v.
487 4435 522 4481 ll.
540 4432 614 4492 Vulg.
629 4433 773 4480 Tnnrrsnrr.
