2844 5130
134 421 201 492 166
486 427 523 503 Qss
547 423 762 489 HORATII
794 421 970 488 FLACCI

606 789 629 797 ”
650 792 814 888 xv111.

380 1014 424 1098 N
427 1053 472 1098 on
495 1033 587 1112 ebur,
610 1056 716 1120 neque
738 1034 873 1098 aureum

420 1168 499 1231 Mes
520 1165 650 1232 renidet
665 1167 699 1231 in
722 1164 818 1232 domo
839 1164 989 1231 lacunar:

375 1300 450 1366 Non
473 1298 580 1365 tribes
598 1300 782 1388 Hymettias

421 1433 577 1496 Premnnt
601 1431 764 1496 columnas
786 1430 901 1498 ultima
922 1429 1037 1494 recisus

333 1576 351 1628 5
374 1563 500 1629 Africus
519 1585 640 1650 *neque
661 1563 775 1629 Attali·

420 1698 560 1786 Ignotus
581 1696 672 1760 hores
694 1696 815 1784 regiam
837 1693 1009 1784 occupavi:

374 1830 443 1895 Nec
466 1827 642 1894 Laconicas
664 1826 743 1893 mihi
1027 1833 1029 1837 ’

420 1962 573 2028 Trahunt
591 1962 736 2028 honestae
757 1932 921 2050 purpuris
943 1959 1079 2039 clientae,

374 2096 417 2159 At
441 2093 531 2173 fides,
554 2105 587 2159 et
608 2094 719 2181 ingeni

316 2237 352 2290 10
420 2225 566 2314 Benigno
588 2246 670 2290 vena
691 2237 758 2301 est3
784 2215 1024 2313 pauperemque
1046 2222 1136 2288 dives

374 2359 433 2423 Me
455 2358 556 2447 petit:
590 2357 672 2423 nihil
696 2379 794 2446 supra

421 2491 509 2555 Deos
530 2489 660 2568 lacesso,
684 2513 744 2556 nec
765 2500 930 2578 potentem
952 2488 1091 2554 amicum
1151 2580 1152 2585 γ

374 2621 532 2711 Largio'ru
553 2623 676 2711 flagito,
843 2610 846 2617 ¹

419 2754 504 2822 Satis
525 2755 640 2821 beatus
662 2754 766 2820 unicis
789 2754 924 2822 Sabinis.

259 2928 268 2947 ·
315 2901 350 2955 15
375 2887 540 2954 Truditur
562 2886 630 2952 dies
651 2886 715 2963 die,

288 3101 290 3105 ι
326 3082 328 3086 ,
420 3023 588 3108 Novoequc
607 3031 752 3108 pergunt
773 3020 904 3086 interire
927 3019 1042 3086 Lunoe.

357 3124 433 3219 *Tu
457 3151 593 3218 secanda
614 3174 773 3218 masmoru
877 3174 880 3179 ·

420 3286 525 3353 Locos
547 3286 608 3352 sub
631 3287 738 3372 ipsum
760 3285 872 3365 funus,
895 3297 928 3351 et
951 3277 1090 3373 sepulcri
1136 3327 1149 3340 «

377 3420 548 3498 Inmemor,
573 3419 671 3494 struis
690 3417 822 3483 domos:

313 3564 353 3616 20
421 3550 589 3638 Marioque
612 3549 707 3620 Baiis,
722 3549 937 3638 obstrepentis
960 3571 1080 3638 urgues

262 3743 263 3748 ,
376 3683 573 3751 Submoverc
595 3683 702 3764 litora,

422 3818 544 3881 Parum
565 3815 709 3904 locuples
731 3787 914 3883 continents
936 3815 1016 3904 ripa.

377 3948 476 4030 Quid,
500 3947 590 4036 quod
613 3946 720 4035 usque.
737 3949 901 4037 proximos

421 4081 562 4146 Revellis
584 4082 654 4170 agri
678 4080 841 4161 terminos,
865 4092 898 4146 et
921 4079 1008 4145 ultra

316 4225 353 4278 25
378 4213 513 4278 Limites
536 4200 699 4280 clientium

298 4388 300 4393 -
424 4346 504 4409 Salis
527 4352 664 4412 avarus?
698 4348 829 4435 pellitur
853 4359 1001 4436 paternos
