2844 5130
490 430 527 508 Q.
555 429 767 495 HORATII
800 430 975 499 FLACCI

696 757 772 832 XI.

597 967 649 1015 AD
674 967 860 1017 PETTIUM.

272 1132 409 1229 Parrr,
434 1148 514 1214 nihil
537 1173 599 1229 me,
624 1152 707 1215 sicut
730 1163 835 1230 antea,
855 1152 953 1239 juvat
1073 1188 1078 1202 =

316 1283 461 1349 Scribere
484 1282 668 1363 versiculos,
692 1296 799 1349 amore
821 1307 1007 1372 percussum
1030 1285 1143 1372 gravi;

268 1418 396 1496 Amore,
421 1416 552 1504 quime
574 1429 692 1505 praeter
714 1417 819 1482 omnis
834 1418 968 1505 expetit

313 1529 472 1613 Mollibus
494 1549 528 1613 in
551 1548 668 1637 pueris¹
683 1562 740 1614 aut
762 1550 796 1613 in
819 1549 944 1637 puellis·
960 1564 1085 1614 urere.¹

226 1694 244 1746 5
269 1681 335 1746 Hic
358 1682 474 1747 tertius
497 1682 685 1760 December,
709 1705 749 1767 ex
773 1695 845 1770 quo
862 1675 970 1748 destiti

313 1812 447 1878 Inachia
469 1814 587 1893 furere,
604 1814 699 1890 silvis
721 1815 873 1902 honorem
896 1815 1028 1880 decutit.

267 1946 345 2011 Heu
368 1909 431 2024 me,
455 1968 512 2033 per
536 1946 669 2011 Urbem*
686 1944 774 2030 (nam
797 1947 899 2035 pudet
923 1947 1003 2012 tanti
1027 1947 1118 2032 mali)

312 2077 440 2142 Fabula
463 2090 585 2165 quanta
606 2078 675 2142 fui!
700 2078 919 2144 conviviorum
943 2091 980 2143 ut
1003 2080 1149 2170 poenitet,

266 2210 308 2273 In
331 2209 405 2297 quis
428 2221 586 2282 amantem
610 2221 642 2274 et
665 2211 800 2298 languor
823 2222 855 2275 et
879 2210 1041 2276 silentium
1073 2251 1077 2258 ·

205 2355 241 2406 10
310 2342 441 2430 Arguit,
465 2358 496 2408 et
519 2343 619 2407 latere
640 2342 762 2431 petitus
784 2343 850 2407 imo
868 2343 1026 2432 spiritus!

265 2477 428 2540 Contrane
451 2476 583 2540 lucrum·
602 2476 648 2540 nil
671 2476 775 2540 valere
799 2475 973 2541 candidum
1035 2489 1038 2492 ’

310 2611 469 2698 Pauperis
490 2611 847 2699 ingenium‚querebar
870 2612 1042 2700 adplorans
1066 2611 1143 2687 n'bi;

265 2745 368 2841 ¹Simul
392 2744 522 2810 calentis
544 2743 778 2809 inverecundus
802 2746 892 2810 Deus
1004 2758 1006 2765 ’

308 2877 496 2943 Fervidiore
519 2900 606 2943 mero
628 2901 744 2943 arcana
766 2884 930 2966 promorat
952 2880 1031 2944 loco'.
1054 2870 1055 2874 ¹

202 3026 237 3078 15
262 3013 359 3091 Quod
382 3013 409 3077 si
432 3013 510 3078 meis
525 3013 682 3077 inoestuet
704 3012 891 3112 praecordiis
1060 3083 1062 3090 ,

308 3144 428 3210 Libera
450 3144 536 3222 bilis,
560 3157 598 3209 ut
622 3145 690 3209 haec
712 3144 840 3233 ingrata
863 3145 966 3214 'ventis
989 3144 1113 3210 dividat

262 3282 431 3357 Fomenta,
454 3281 574 3345 vulnus
596 3280 644 3344 nil
666 3280 786 3345 malu'm
800 3280 975 3355 ‘levatitias

306 3414 440 3478 Desinet
463 3412 631 3500 inparibus
646 3413 1102 3501 'certare‘submotusfpudoc

260 3545 329 3610 Ubi
353 3545 421 3610 haec
445 3566 574 3608 severus
588 3545 629 3609 'te
651 3545 758 3632 palam
781 3541 1006 3620 laudaveramc
1023 3546 1070 3607 κ’
1121 3549 1133 3560 ”

198 3690 237 3742 20
305 3678 424 3742 Jussus
439 3677 535 3741 ‚abire
558 3677 701 3754 domum,
725 3677 850 3742 ferebar
872 3679 993 3742 incerto
1006 3677 1097 3764 *pelle

260 3810 311 3876 Ad
333 3834 398 3876 non
420 3809 625 3876 amicos'heu
648 3808 726 3874 mibi
745 3810 858 3897 'postis‘
873 3822 905 3875 et
927 3811 992 3875 heu
1021 3834 1025 3839 ⁴
1052 3896 1056 3902 ³

305 3944 435 4010 Limina
457 3944 550 4029 dura,
574 3942 693 4032 quibus
717 3942 843 4008 lumbos
866 3956 897 4009 et
912 3945 1037 4033 infregi
1053 3946 1155 4010 latus.

260 4080 356 4144 Nunc
378 4079 544 4167 gloriantis
567 4075 988 4167 quamlibet'mulierculam
1034 4139 1037 4143 ,
1096 4083 1098 4086 ⁴

305 4212 437 4276 Vincere
460 4211 593 4276 mollitia
616 4233 704 4275 amor
728 4211 856 4299 Lycisci
879 4214 930 4276 me
953 4222 1056 4277 tenet:

331 4400 354 4430 ν.
364 4385 388 4430 2.
405 4381 480 4440 Vulg.
495 4382 656 4432 Percussum.
744 4383 768 4431 8.
784 4381 820 4430 Er
834 4397 901 4442 poen.
988 4383 1027 4432 24.
1042 4383 1180 4432 Moturum.
