2844 5130
136 413 203 480 246
488 417 526 492 Q.
551 413 762 480 HORATII
795 413 971 479 FLACCI

229 613 340 679 Threx
364 613 435 690 erit,
459 624 516 677 aut
538 613 660 678 olitoris
683 625 757 702 aget
778 613 921 678 mercede
944 611 1113 677 caballum.

227 749 387 813 Arcanum
410 769 514 835 neque
537 757 575 811 tu
599 746 790 812 scrutaberis
810 745 899 810 illius
922 766 1097 831 umquam;

229 882 495 969 Conmissumque
518 893 616 969 teges,
640 892 672 946 et
695 881 770 945 vino
792 891 898 945 tortus
920 889 952 943 et
974 879 1032 943 ira.

229 1018 297 1080 Nec
320 1027 377 1080 tua
399 1014 546 1080 laudabis
569 1014 685 1093 studia,
709 1025 766 1079 aut
789 1013 891 1078 aliena
913 1010 1100 1101 reprendes:
1209 1038 1212 1043 ¹

167 1162 205 1213 40
228 1150 307 1228 Nec,
330 1171 405 1213 cum
428 1147 537 1213 venari
559 1147 646 1212 volet
667 1147 733 1226 ille,
757 1154 906 1234 poemata
926 1168 1056 1234 panges.

230 1281 345 1346 Gratia
367 1281 412 1345 sic
434 1281 571 1346 fratrum
593 1281 792 1368 geminorum
815 1279 1004 1368 Amphionis
1026 1289 1126 1366 atque

230 1413 325 1478 Zethi
348 1413 507 1488 dissiluit3
531 1412 630 1477 donec
653 1425 799 1500 suspecta
822 1435 930 1478 severo

231 1544 396 1610 Conticuit
418 1545 498 1634 lyra.
522 1545 671 1612 fraternis
693 1545 820 1610 cessisse
841 1555 977 1634 putatur

231 1641 381 1742 Moribus
405 1677 583 1766 Amphion:
608 1689 646 1743 tu
669 1678 745 1744 cede
767 1679 906 1766 potentis
929 1676 1021 1743 amici

169 1823 207 1876 45
232 1811 375 1877 Lenibus
397 1812 555 1901 im’periis:
580 1813 793 1901 quotiensque
815 1812 929 1880 educet
950 1812 984 1876 in
1007 1833 1102 1900 agros

230 1945 350 2010 AEtolis
371 1956 501 2010 onerata
522 1946 626 2034 plagis
645 1948 792 2035 jumenta
813 1968 988 2034 canesque3

131 2147 136 2156 ,
231 2080 345 2166 Surge,
368 2089 400 2143 et
422 2078 605 2145 inhumanae
629 2080 750 2145 sanium
773 2081 895 2168 depone
919 2080 1079 2156 Camenae,

232 2212 332 2275 Cenes
355 2219 393 2275 ut
415 2210 534 2299 pariter
556 2212 721 2301 pulmenta
742 2212 906 2277 laboribus
929 2222 1031 2276 emta:

230 2343 383 2410 Romanis
407 2345 557 2409 sollemne
579 2345 656 2409 viris
678 2368 771 2433 opus,
795 2346 874 2410 utile
896 2345 1002 2424 famae,

170 2488 207 2541 50
230 2476 389 2565 Vitseque,
413 2489 445 2542 et
467 2477 635 2543 membris:
660 2478 931 2566 praesertim-cum
955 2477 1071 2556 valeas,
1095 2489 1130 2541 et

229 2609 289 2673 Vel
311 2632 407 2674 cursu
430 2634 579 2698 superare
601 2633 720 2690 canem,
744 2611 797 2676 val
818 2610 941 2676 viribus
963 2630 1080 2697 aprum

230 2743 346 2808 Possis.
370 2743 463 2822 adde,
487 2744 591 2809 virilia
614 2745 701 2832 quod
725 2744 894 2832 speciosius
917 2765 1006 2808 arma

228 2874 302 2939 Non
325 2887 373 2942 est
396 2877 452 2964 qui
476 2855 598 2942 tractet.
623 2878 683 2942 scis
706 2901 771 2965 quo
793 2878 929 2941 clamore
952 2896 1076 2940 coronae

229 3009 349 3074 Proelia
372 3009 526 3075 sustineas
549 3009 755 3097 campestria:
781 3008 919 3096 denique
941 3029 1060 3073 saevam

166 3154 203 3206 55
228 3142 382 3207 Militiam
404 3165 485 3230 puer
507 3154 539 3207 et
563 3143 755 3208 Cantabrica
776 3141 861 3207 bella
883 3141 988 3206 tulisti

229 3274 412 3359 Subrium,
437 3276 494 3364 qui
516 3276 643 3364 templis
667 3275 861 3341 Parthorum
885 3274 976 3376 signa
998 3273 1104 3360 refigit

229 3411 346 3486 Nunc;
370 3423 413 3490 et,
437 3412 464 3476 si
486 3412 567 3500 quid
589 3413 689 3490 abest,
714 3410 808 3476 Italis
830 3411 994 3500 adjudicat
1016 3408 1121 3474 armis.

228 3544 275 3607 Ac
297 3565 337 3608 ne
359 3554 392 3608 te
414 3544 568 3624 retrahas,
591 3555 623 3610 et
643 3543 869 3609 inexcusabilis
892 3543 1016 3615 abstes;
1085 3598 1092 3606 .

229 3678 381 3756 Quamvis
403 3679 449 3743 nil
472 3689 563 3744 extra
585 3700 754 3749 numerum
776 3676 887 3742 fecisse
908 3675 1106 3762 modumque

168 3818 206 3878 60
230 3815 343 3894 Curas‚
367 3813 530 3879 interdum
552 3813 684 3900 nugaris
706 3835 780 3877 rure
801 3823 943 3900 paterno.

229 3947 375 4012 Partitur
396 3948 501 4018 lintris
524 3947 700 4013 exercitus:
725 3947 819 4015 Actia
840 3969 961 4034 pugna,

231 4081 281 4144 Te
304 4079 396 4177 duce,
419 4102 477 4168 per
499 4105 615 4170 pueros
638 4081 745 4146 hostili
768 4103 856 4147 more
877 4079 1032 4143 refertur:

230 4214 438 4280 Adversarius
460 4227 508 4282 est
530 4217 648 4293 frater3
673 4216 761 4283 lacus
786 4214 928 4282 Hadria:
954 4214 1054 4279 donec

293 4404 318 4439 v.
326 4387 364 4436 ³7.
381 4388 453 4450 Vulg.
470 4391 573 4442 Urtius.
718 4388 888 4438 56.Rc1uxrr.
1034 4387 1072 4434 58.
1088 4384 1171 4433 Aasrs.
