2844 5130
409 335 446 412 Q.
471 332 683 400 HORATII
716 333 891 397 FLACCI

198 546 232 597 15
256 534 302 599 Et
326 545 453 598 centum
476 558 557 622 puer
581 512 709 613 artium,

304 666 387 731 Late
409 666 500 754 signa
522 666 602 731 feret
626 665 747 731 militioe
771 675 857 729 tuae:

256 798 313 876 Et,
338 798 532 886 quandoque
554 799 715 885 potentior

303 932 403 1020 Largi
427 932 612 997 muneribus
634 931 739 998 riserit
762 930 882 1009 aemuli,

256 1062 397 1128 Albanos
420 1086 520 1151 prope
542 1075 575 1127 te
597 1063 686 1127 lacus

193 1207 231 1258 20
300 1197 403 1260 Ponet
426 1218 633 1261 marmoream
657 1194 717 1261 sub
740 1192 831 1259 trabe
854 1193 961 1258 citrea.

257 1329 330 1393 lilic
353 1329 493 1417 plurima
515 1330 646 1395 naribus

301 1461 409 1526 Duces
432 1473 524 1536 tura;
548 1460 685 1551 lyraque
707 1472 738 1527 et
762 1459 954 1548 Berecyntia

256 1593 464 1659 Delectabere
487 1593 566 1661 tibia

299 1725 417 1790 Mixtis
439 1726 632 1791 carminibus
655 1749 719 1791 non
743 1726 810 1790 sine
833 1723 950 1791 fistula.

168 1828 231 1920 ρ25
257 1857 329 1921 Illic
352 1858 403 1922 bis
425 1859 518 1946 pueri
541 1858 593 1923 die

301 1992 429 2056 Numen
452 2014 525 2055 cum
549 1991 665 2057 teneris
688 1991 868 2078 virginibus
891 2001 984 2055 tuum

257 2123 451 2201 Laudantem
476 2124 557 2212 pede
579 2124 716 2190 candido

300 2256 341 2319 In
364 2278 484 2321 morem
509 2256 630 2320 Salium
654 2268 702 2320 ter
727 2255 872 2342 quatient
895 2254 1040 2318 humum.

256 2389 314 2452 Me
336 2411 394 2453 nec
417 2388 546 2468 femina,
570 2412 628 2453 nec
651 2411 733 2476 puer

193 2533 231 2584 ³0
299 2522 387 2601 Jam,
411 2545 469 2587 nec
493 2546 564 2610 spes
587 2522 684 2588 animi
708 2523 839 2588 credula
862 2493 980 2602 mutui,

133 2682 137 2695 ·
255 2656 323 2719 Nec
346 2666 466 2720 certare
485 2657 581 2744 juvat
604 2679 702 2735 mero,

299 2788 367 2852 Nec
390 2787 508 2854 vincire
530 2788 621 2853 novis
644 2803 788 2876 tempora
810 2789 953 2856 floribus.

256 2920 319 2985 Sed
341 2943 399 2984 cur
421 2920 504 2986 heu!
539 2922 708 3010 Ligurine,
733 2945 791 2987 eur

300 3054 414 3118 Manat
438 3076 511 3120 rara
532 3078 618 3120 meas
640 3056 771 3121 lacrima
792 3079 851 3144 per
873 3059 995 3142 genas?

193 3196 229 3247 35
255 3187 324 3250 Cur
345 3186 485 3252 facunda
508 3210 623 3275 parum
646 3188 762 3253 decoro

300 3320 391 3384 Inter
413 3321 512 3385 verba
534 3322 619 3386 cadit
642 3323 755 3409 lingua
778 3322 926 3386 silentio?

255 3453 429 3518 Nocturnis
452 3477 512 3542 ego
536 3455 664 3520 somniis

299 3587 375 3651 Jam
398 3600 528 3676 captum
552 3601 654 3668 teneo,
675 3592 743 3678 jam
767 3590 929 3654 volucrem
953 3611 984 3652 se

255 3719 305 3781 Te
327 3742 385 3807 per
407 3720 553 3807 gramina
576 3722 690 3786 Martii

191 3863 229 3912 40
299 3851 424 3938 Campi,
449 3864 480 3916 te
502 3876 560 3940 per
583 3877 694 3940 aquas,
718 3855 809 3932 dure,
836 3851 964 3917 volabit-⁴

211 4101 234 4131 v.
246 4086 281 4131 18.
298 4086 372 4145 Vulg.
385 4088 491 4167 ¹Lnnom.
608 4093 645 4140 22.
660 4093 699 4141 23.
714 4092 798 4150 Lrna,
810 4093 942 4140 Bruucrur
