2828 5122
440 475 632 538 EPODON
664 474 824 538 LIBER.

572 877 689 951 XIV.

454 1086 507 1133 AD
533 1085 805 1134 MAECENATEM.

216 1244 369 1326 Morus
393 1263 508 1327 inertia
531 1285 589 1328 cur
612 1248 736 1346 tantam
759 1260 925 1327 diffuderit
947 1260 1021 1324 imis

260 1394 464 1460 Oblivionem
487 1394 643 1473 sensibus,

216 1527 337 1592 Pocula
361 1527 501 1594 Letheos
525 1538 562 1592 ut
586 1529 612 1593 si
636 1528 787 1594 ducentia
810 1548 937 1594 somnos

261 1661 380 1725 Arente
401 1660 496 1726 fauce
519 1660 683 1739 traxerim,

174 1803 191 1853 5
216 1790 359 1857 Candide
383 1793 556 1872 Maecenas,
579 1792 699 1857 occidis
722 1815 807 1885 saepe
829 1791 990 1879 rogando:

261 1924 363 2004 Deus,
388 1925 479 1989 Deus
501 1948 574 1990 nam
599 1947 650 1990 me
673 1935 761 1990 vetat

217 2056 379 2144 Inceptos,
402 2057 479 2121 olim
502 2058 696 2145 promissum
719 2079 858 2136 carmen,
884 2055 1014 2122 lambos

259 2187 312 2253 Ad
335 2189 523 2255 umbilicum
547 2189 716 2255 adducere.

178 2336 180 2341 ·
215 2320 289 2384 Non
312 2321 406 2387 aliter
431 2322 538 2387 Samio
561 2321 674 2387 dicunt
698 2322 812 2388 arsisse
835 2320 990 2409 Bathyllo

157 2464 192 2514 10
258 2434 466 2519 Anacreonta
484 2455 615 2534 Teium,

216 2585 279 2663 Qui
302 2608 446 2674 persaepe
469 2609 548 2652 cava
570 2587 732 2652 testudine
755 2562 844 2652 flevit
868 2608 1007 2651 amorem

259 2718 335 2783 Non
358 2718 558 2784 elaboratum
581 2719 624 2784 ad
646 2719 770 2808 pedem.

216 2851 328 2917 Ureria
350 2852 419 2940 ipse
442 2851 555 2916 miser:
581 2853 672 2940 quod
695 2854 810 2918 sinon
833 2850 1000 2941 pulchrior
1021 2851 1106 2938 ignis

259 2985 414 3050 Accendit
438 2985 598 3050 obsessam
622 2985 720 3066 Ilion,
764 2970 768 2977 ¹

159 3129 193 3180 15
213 3116 333 3189 ‚Gaude
358 3129 442 3183 sorte
465 3130 532 3184 tua.
557 3094 608 3185 me
630 3119 793 3199 libertina,
818 3143 923 3208 neque
948 3141 1011 3182 uno

261 3253 432 3332 Contenta,
457 3254 588 3342 Phryne
610 3228 759 3318 macerat.

581 3611 678 3684 XV.

497 3806 550 3852 AD
577 3805 765 3854 NEAERAM.
864 3840 868 3850 .

216 3963 304 4047 Nox
327 3993 407 4061 erat,
432 3993 463 4046 et
488 3982 566 4046 oaelo
589 3980 737 4068 fulgebat
760 3980 839 4043 luna
863 4000 971 4042 sereno

192 4100 195 4105 ’
260 4118 351 4183 Inter
374 4117 498 4181 minora
521 4116 644 4190 sidera;

215 4252 299 4315 Cum
323 4262 361 4315 tu
384 4271 576 4337 magnorum
599 4271 718 4313 numen
741 4246 859 4314 laesura
882 4246 1026 4323 Deorum

261 4384 302 4449 In
325 4383 424 4449 verba
444 4382 578 4470 jurabas
601 4405 703 4459 mea,.

604 4535 625 4576 G
636 4527 654 4576 2
