2828 5122
433 475 702 550 CARMINUM
731 487 813 549 Lm.
832 486 903 550 111.
1083 548 1087 555 ,
1199 488 1266 551 203

596 915 734 990 XXV.

526 1164 579 1212 AD
610 1163 811 1214 BACCHUM.

270 1378 355 1477 Quo
378 1419 439 1477 me,
465 1397 600 1477 Bocche,
625 1380 803 1484 rupis-tuix

319 1529 480 1595 Plenum?
512 1552 588 1616 quae
611 1551 751 1606 nemore,
777 1539 834 1593 aut
858 1534 940 1615 quos
961 1551 1040 1616 agor
1062 1529 1096 1596 in
1120 1551 1243 1616 specus,

269 1665 371 1728 Velox
394 1674 500 1728 mente
522 1639 630 1727 nova?
662 1662 781 1749 quibus

318 1797 428 1862 Antris
451 1795 573 1884 egregii
596 1796 732 1863 Caesaris
755 1795 868 1860 audiar

225 1942 243 1993 5
269 1930 440 1994 AEternum
464 1928 622 1994 meditans
644 1928 742 1994 decus
963 1912 964 1919 ἵ

321 2061 427 2127 Stellis
449 2063 598 2139 inserere,
622 2072 655 2126 et
678 2061 812 2126 concilio
835 2061 953 2127 Jovis?

269 2194 385 2258 Dicam
407 2193 543 2282 insigne,
567 2215 687 2272 recens,
709 2193 817 2258 adhuc

320 2326 487 2391 Indictum
509 2348 565 2390 ore
587 2326 660 2392 nlio.
686 2348 750 2390 non
774 2349 864 2392 secus
887 2327 921 2392 in
940 2327 1031 2415 jugis

268 2459 393 2524 Edonis
416 2470 526 2547 stupet
549 2459 663 2538 Euius,

211 2603 247 2654 10
320 2591 470 2656 Hebrum
493 2594 700 2682 prospiciens,
724 2605 757 2659 et
779 2597 854 2671 nive
877 2595 1045 2664 candidam

269 2724 432 2803 Thracen,
456 2749 493 2792 ac
515 2726 597 2814 pede
619 2728 757 2792 barbaro

319 2859 507 2923 Lustratum
532 2859 733 2948 Rhodopen;
759 2884 795 2926 ae
818 2861 897 2924 milri
921 2860 1015 2925 devio

270 2991 372 3056 Rivos
396 3004 428 3056 et
451 3015 590 3061 vacuum
613 3015 726 3059 nemus

320 3125 437 3188 Mirari
460 3125 548 3190 libet.
574 3128 594 3189 ὂ
617 3125 780 3192 Naiadum
804 3139 935 3214 potens,

209 3268 245 3320 15
262 3257 534 3353 ¹Baccharumque
557 3260 732 3325 valentium

319 3390 473 3456 Proceras
495 3393 644 3458 manibus
666 3380 790 3458 vertere
812 3392 965 3458 fraxinos.
1024 3450 1028 3455 .

268 3522 326 3588 Nil
348 3546 497 3611 parvum,
522 3535 579 3590 aut
602 3525 718 3592 humili
740 3526 848 3604 modo,

318 3657 375 3721 Nil
398 3659 532 3723 mortale
554 3660 678 3748 loquar.
705 3659 799 3727 dulce
821 3659 1000 3749 periculum
1024 3671 1083 3737 est,

267 3793 297 3856 Ο
322 3792 450 3870 Lenaee,
475 3793 565 3880 sequi
588 3796 696 3859 Deum

206 3936 244 3988 20
315 3902 503 4014 Cingentem
527 3926 622 3992 viridi
646 3939 792 4017 tempora
813 3929 975 4018 pampino.

273 4149 576 4210 fflwmffimm
667 4152 834 4202 stfflffii
924 4150 1065 4208 &hm
