2828 5122
447 490 717 554 cuuuluum
748 491 827 555 Lm.
844 492 903 555 1v.

325 690 349 752 J
352 688 437 754 udex
459 689 628 754 honestum
651 690 797 777 praetulit
820 690 894 755 utili
917 703 949 755 et

325 821 451 909 Rejecit
473 822 539 886 alto
562 823 647 887 dona
668 823 852 888 nocentium

370 955 481 1032 Voltu‚
506 966 538 1019 et
560 978 617 1043 per
641 954 799 1020 obstantis
822 965 964 1019 catervas

416 1087 586 1174 Explicuit
609 1111 668 1152 sua
689 1089 792 1152 victor
815 1110 911 1152 arma.
946 1141 950 1149 .

262 1231 299 1284 45
324 1221 399 1284 Non
422 1209 636 1307 possidentem
659 1221 763 1285 multa
785 1221 946 1285 vocaveris

324 1353 425 1417 Recte
446 1352 595 1417 beatum:
630 1353 748 1418 rectius
771 1365 907 1441 occupat

369 1489 496 1555 Nomen
517 1489 615 1569 beati,
639 1490 697 1577 qui
720 1491 866 1554 Deorum

415 1588 609 1687 Muneribus
633 1623 791 1711 sapienter
814 1623 875 1701 uti,

323 1754 514 1843 Duramque
536 1756 630 1820 callet
653 1756 838 1844 pauperiem
860 1756 940 1844 pati,

264 1899 302 1950 50
326 1889 490 1978 Pejusque
510 1889 576 1954 leto
598 1889 758 1977 flagitium
780 1890 890 1964 timet;

322 2043 327 2051 ·
371 2024 447 2088 Non
470 2024 524 2088 ille
546 2047 606 2112 pro
628 2025 709 2088 caris
732 2023 847 2089 amicis

417 2157 484 2220 Aut
506 2158 612 2243 patria
636 2157 768 2227 timidus
790 2157 902 2245 perire.

658 2551 711 2624 X.

511 2781 563 2829 AD
593 2779 837 2829 LIGURINUM.

170 2951 208 3033 Ο
236 2990 408 3035 crunnus
432 2969 548 3048 adhuc,
573 2981 605 3034 et
628 2969 761 3034 Veneris
783 2952 971 3033 mutieribus
993 2978 1125 3056 potens3

170 3103 339 3190 Insperata
362 3113 428 3169 tuae
452 3124 525 3165 cum
550 3102 654 3166 veniet
677 3102 789 3189 pluma
812 3100 981 3188 superbiae,
1013 3100 1020 3105 ”
1088 3187 1091 3194 ι

169 3236 215 3299 Et
239 3258 314 3322 quoe
336 3257 423 3300 nunc
445 3234 585 3299 humeris
607 3234 789 3314 involitnnt,
813 3231 988 3306 deciderint
1011 3255 1120 3309 comae,

170 3368 267 3462 Nunc
290 3380 322 3433 et
346 3368 404 3455 qui
427 3368 514 3433 color
536 3379 584 3432 est
607 3366 752 3455 puniceae
774 3366 853 3431 flore
874 3367 964 3453 prior
986 3388 1079 3443 rosae,

129 3514 147 3564 5
171 3502 336 3581 Mutatus,
361 3500 530 3589 Ligurine,
554 3500 588 3564 in
611 3501 724 3565 faeiem
747 3499 879 3564 verterit
901 3498 1078 3586 hispidam:

168 3634 266 3699 Dices
289 3634 372 3700 heu!
406 3634 555 3722 quotiens
577 3623 610 3698 te
632 3635 666 3697 in
690 3632 819 3720 speculo
843 3631 961 3696 videris
984 3632 1133 3708 alterum,
1184 3611 1191 3625 ⁸

169 3771 249 3847 Qua
272 3791 362 3834 mens
383 3781 432 3834 est
454 3768 561 3846 hodie,
586 3784 644 3833 cur
666 3767 776 3832 eadem
800 3738 988 3853 non'puero
1011 3765 1099 3828 fuit?
1151 3825 1153 3829 ,

168 3902 228 3967 Vel
251 3925 310 3967 cur
332 3902 382 3966 his
405 3901 518 3967 animis
541 3902 716 3967 incolumes
739 3922 803 3965 non
826 3899 963 3965 redeunt
986 3900 1106 3984 genae?

510 4131 533 4161 v.
543 4115 567 4160 5.
583 4113 658 4172 Vulg.
674 4113 831 4160 Lmrmuuu.
900 4141 902 4144 <
