2844 5130
505 528 509 535 ·
576 496 668 560 Ans
699 477 922 561 ronrrcn.

242 688 397 754 Indoctus
420 690 501 777 quid
524 692 608 756 enim
632 706 757 780 saperet
780 693 926 781 liberque
948 693 1108 774 laborum,

240 822 395 890 Rusticus
419 826 542 892 urbano
565 827 730 906 confusus,
756 828 1040 916 turpishonesto?

240 957 292 1022 Sic
314 959 428 1047 priscae
450 958 639 1047 motumque
662 973 694 1025 et
717 961 878 1027 luxuriem
901 961 1026 1026 addidit
1049 961 1112 1026 arti

153 1100 212 1152 215
238 1089 384 1172 Tibicen,
409 1093 573 1180 traxitque
596 1116 699 1182 vagus
721 1116 779 1180 per
802 1093 931 1181 pulpita
953 1104 1092 1158 vestem:

238 1222 290 1286 Sic
312 1225 408 1289 etiam
431 1225 551 1290 fidibus
574 1248 667 1289 voces
690 1248 816 1291 crevere
840 1226 967 1304 severis,
1011 1280 1014 1287 .

235 1355 282 1419 Et
306 1355 382 1420 tulit
405 1357 569 1444 eloquium
592 1357 757 1422 insolitum
780 1358 932 1423 facundia
954 1381 1113 1447 praeceps:

236 1486 443 1575 Utiliumque
466 1512 563 1577 sagax
587 1502 762 1569 rerum,.et
786 1490 896 1555 divina
914 1490 1035 1574 ¹futuri,

223 1621 403 1710 Sortilegis
425 1646 490 1689 non
513 1623 689 1713 discrepuit
714 1624 869 1688 sententia
892 1624 1038 1711 Delphis.

149 1765 209 1817 220
234 1754 383 1820 Carmine
407 1757 463 1843 qui
488 1757 610 1845 tragico
634 1757 730 1821 vilem
753 1758 889 1821 certavit
912 1758 954 1823 ob
977 1758 1113 1837 hircum,

235 1889 318 1953 Mox
342 1889 437 1954 etiam
461 1893 595 1980 agrestis
620 1893 752 1980 Satyros
775 1892 921 1970 nudavit,
946 1904 978 1956 et
1001 1915 1093 1981 asper
1210 1930 1213 1935 ·

235 2020 394 2086 Incolumi
417 2024 575 2110 gravitate
594 2025 704 2112 jocum
729 2023 881 2088 tentavit:
906 2047 944 2088 eo
968 2022 1084 2111 quod'

235 2154 409 2220 Inlecebris
432 2169 500 2222 erat
524 2170 556 2222 et
578 2171 673 2250 grata
695 2157 837 2222 novitate
860 2157 1034 2222 morandus
1057 2206 1062 2213 -

236 2287 403 2373 Spectator
425 2290 623 2377 functusque
647 2291 755 2370 sacris,
779 2302 811 2356 et
833 2303 942 2379 potus,
966 2290 1125 2356 etexlex.

145 2430 207 2481 225
233 2418 352 2487 Verum
375 2421 423 2487 ita
445 2423 571 2502 risores,
594 2425 641 2488 ita
664 2404 874 2489 conmendare
898 2425 1016 2490 dicacis

234 2552 412 2621 Conveniet
437 2558 651 2644 Satyros„ita
675 2569 797 2621 vertere
821 2559 901 2621 seria
924 2557 1024 2633 ludo;
1107 2610 1110 2615 .

233 2685 284 2748 Ne
307 2686 504 2775 quicumque
528 2691 629 2768 Deus,
654 2689 850 2775 quicumque
873 2688 1081 2753 adhibebitur
1104 2690 1197 2754 heros

233 2819 350 2905 Regali
374 2834 562 2910 conspectus
586 2823 618 2886 in
642 2845 722 2886 auro
745 2844 848 2909 nuper
871 2832 903 2884 et
927 2833 1024 2898 ostro,

233 2951 356 3039 Migret
378 2953 412 3017 in
435 2954 587 3019 obscuras
609 2954 724 3018 humili
748 2976 891 3018 sermone
914 2953 1079 3018 tabernas:

142 3093 207 3145 230
232 3082 309 3162 Aut,
334 3084 412 3149 dum
437 3086 518 3150 vitat
542 3087 688 3166 humum,
713 3086 815 3151 nubes
838 3098 870 3151 et
893 3086 999 3150 inania
1022 3098 1139 3174 captet.

232 3215 373 3285 Effutire
395 3217 475 3283 levis
500 3220 633 3306 indigna
658 3220 836 3308 Tragoedia
858 3243 980 3294 versus,

232 3350 281 3414 Ut
304 3351 394 3416 festis
417 3364 563 3418 matrona
585 3353 706 3417 moveri
726 3354 817 3439 jussa
840 3352 965 3429 diebus,

232 3482 384 3548 Intererit
410 3486 534 3574 Satyris
556 3487 703 3574 paullum
726 3484 920 3572 pudibunda
942 3486 1110 3572 protervis.

230 3615 303 3680 Non
328 3641 388 3704 ego
410 3619 559 3683 inornata
582 3630 614 3682 et
638 3618 835 3683 dominantia
857 3618 987 3682 nomina
1010 3618 1113 3682 solum
1205 3655 1208 3660 ,

138 3759 202 3811 235
227 3748 410 3836 Verbaque,
436 3749 579 3828 PisoneS,
606 3751 796 3837 Satyrorum
820 3749 956 3837 scriptor
980 3748 1109 3813 amabo:

228 3881 297 3944 Nec
321 3879 366 3945 sic
390 3881 492 3945 enitar
516 3881 639 3968 tragico
662 3880 789 3945 differre
813 3881 929 3955 colori;

226 4012 276 4075 Ut
299 4010 381 4076 nihil
403 4013 542 4092 intersit,
567 4014 722 4076 Davusne
744 4013 898 4098 loquatur
921 4024 952 4075 et
976 4010 1082 4075 audax

227 4145 364 4232 Pythias
387 4156 536 4209 emuncto
559 4146 684 4209 lucrata
710 4145 836 4209 Simone
860 4144 1028 4217 talentum,

226 4278 276 4340 An
300 4289 408 4342 custos
431 4278 638 4364 famulusque
662 4278 724 4340 Dei
750 4275 875 4339 Silenus
899 4273 1030 4337 alumni.

135 4421 199 4475 240
224 4411 278 4473 Ex
303 4424 379 4476 noto
403 4411 513 4476 fictum
539 4432 663 4475 carmen
689 4431 819 4494 sequar:
848 4418 884 4470 ut
909 4405 967 4470 sibi
993 4407 1110 4494 quivis-
