2828 5122
410 533 414 540 ,
435 457 719 531 SERMONUM‘
737 467 814 531 Lm.
832 468 882 533 11.
903 477 934 539 ’7.

186 666 267 728 Cum
290 662 394 728 tribua
416 663 561 742 aunellis,
584 664 679 730 modo
701 665 783 729 laeva
806 665 1056 744 Priscus'inani‚

131 811 165 862 ‘10
184 797 272 863 Vixit
294 797 473 884 inaequalis,
496 798 628 862 clavum
646 809 684 862 ut
705 809 846 862 mutaret
868 798 901 862 in
924 798 1038 863 horas:

186 929 325 994 AEdibus
347 952 387 993 ex
409 929 534 1016 magnis
557 929 674 994 subito
687 953 720 994 se
741 929 908 1008 conderet,
928 930 1014 994 unde

83 1049 85 1052 ¹
187 1062 340 1128 Mundior
363 1062 464 1126 exiret
487 1062 542 1127 vix
565 1063 734 1127 libertinus
756 1063 904 1128 honeste:

184 1196 256 1259 Jam
279 1193 422 1259 moechus
446 1196 570 1272 Romu,
589 1194 658 1281 jam
680 1194 789 1258 mallet
812 1195 926 1259 doctus
948 1193 1083 1259 Athenis

184 1326 316 1390 Vivere:
350 1325 545 1404 Vertumnis,
569 1336 731 1411 quotquot
754 1333 841 1403 sunt,
865 1334 968 1390 natus
981 1324 1110 1412 iniquis.

136 1469 163 1520 15
185 1459 299 1522 Scurra
320 1458 519 1536 Volsnerius,
542 1467 723 1546 postquam
736 1457 784 1522 illi
803 1458 894 1546 justa
916 1458 1068 1546 cheragra

185 1591 340 1657 Contudit
363 1590 526 1668 articulos,
550 1591 608 1677 qui
630 1612 690 1678 pro
713 1613 746 1654 se
768 1590 894 1654 tolleret
916 1601 1014 1677 atque

184 1724 329 1789 Mitteret
351 1724 385 1787 in
407 1723 553 1812 phimum
576 1723 670 1801 talos,
694 1721 837 1786 mercede
860 1721 976 1786 diurna

184 1855 387 1921 Conductum
409 1855 519 1944 pavit:
553 1862 675 1942 quanto
697 1854 999 1920 constantior-'idem

69 2037 70 2042 1
183 1988 222 2051 In
243 1987 344 2067 vitiis,
367 1997 459 2052 tanto
480 1987 583 2051 levius
605 1987 711 2064 miser,
735 2010 771 2051 ac
794 1986 882 2074 prior
905 1985 959 2049 ille

135 2130 166 2182 to
184 2121 244 2199 Qui
263 2121 333 2209 jam
355 2130 515 2197 contento,
534 2119 603 2207 jam
624 2119 700 2183 laxo
722 2119 801 2183 fune
823 2117 956 2182 laborat.

183 2253 255 2316 Non
278 2251 364 2318 dices
385 2251 491 2328 hodie,
516 2273 670 2338 quorsum
693 2251 761 2316 haec
785 2262 850 2314 tam
874 2249 988 2337 putida
1010 2249 1153 2327 tendant,

185 2383 352 2460 Furcifer?
390 2383 442 2447 Ad
465 2394 508 2459 te,
536 2383 676 2469 inquam.
723 2384 797 2460 Quo
819 2394 924 2470 pacto,
948 2381 1105 2469 pessime?
1145 2383 1275 2451 Laudas

185 2516 360 2581 Fortunam
383 2526 415 2580 et
437 2537 540 2579 mores
563 2515 704 2601 antiqua
726 2514 849 2602 plebis;
874 2526 906 2578 et
928 2514 1025 2593 idem,

185 2647 216 2712 Si
238 2645 312 2734 quis
334 2646 376 2711 ad
398 2647 456 2712 illa
477 2648 568 2711 Deus
591 2646 699 2712 subito
721 2658 863 2735 te'agat,
887 2669 989 2734 usque
1012 2670 1155 2714 recuses:

136 2786 164 2840 at
183 2779 246 2844 Aut
269 2779 348 2868 quia
369 2798 434 2844 nou
458 2779 565 2858 sentis,
589 2779 678 2866 quod
701 2780 829 2857 clamas,
853 2780 970 2845 rectius
993 2804 1079 2856 esse:

184 2912 246 2976 Aut
268 2911 348 3000 quia
369 2911 567 3010 noufirmus
589 2925 712 2977 rectum
735 2912 891 2991 defendis,
915 2924 947 2977 et
969 2913 1081 2991 haeres,

184 3043 404 3132 Nequicquam
426 3065 517 3109 coeno
539 3045 671 3130 cupiens
693 3045 827 3109 evellere
848 3044 1000 3132 plantam.

184 3175 294 3265 Romae
315 3199 372 3240 rus
394 3186 506 3264 optas:
540 3176 703 3241 absentem
725 3176 864 3241 rusticus
887 3176 1012 3241 Urbem

184 3308 284 3374 Tollis
306 3308 348 3374 ad
370 3320 456 3375 astra
477 3309 564 3373 levis
589 3301 796 3395 si'nusquam
819 3331 853 3373 es
874 3307 958 3372 forte
981 3311 1112 3374 vocatus

136 3447 165 3501 30
183 3441 231 3506 hd
252 3463 374 3520 cenam,
397 3440 510 3508 laudas
533 3463 679 3507 securum
701 3441 792 3514 olus:
817 3462 865 3516 ac,
890 3440 977 3504 velut
1002 3463 1137 3526 usquam

184 3572 315 3638 Vinctus
337 3595 400 3652 eas,
423 3572 524 3639 itate
546 3571 669 3638 felicem
693 3571 773 3637 dicis
794 3593 955 3658 amesque,

186 3704 277 3782 Quod
299 3727 458 3792 nusquam
482 3704 607 3770 tibisit
629 3702 816 3792 potandum.
836 3703 969 3791 jusserit
992 3703 1033 3768 ad
1057 3727 1089 3769 se

185 3837 342 3903 Maeceuas
365 3859 469 3901 serum
494 3836 554 3901 sub
577 3835 700 3900 lumina
721 3836 826 3922 prima
848 3836 955 3901 venire

185 3968 378 4043 Convivam:
414 3969 548 4035 Nemon'
571 3968 675 4032 oleum
698 3967 762 4033 fert
784 3967 898 4032 ocius?
930 3969 1040 4054 ecquis

136 4106 163 4168 ,35
183 4099 304 4165 Audit?
337 4123 410 4166 cum
433 4123 549 4188 magno
570 4100 708 4166 blateras
731 4100 877 4177 clamore,
900 4099 1061 4187 iugisque.

164 4233 337 4305 »Mulvius
351 4244 383 4299 et
407 4256 534 4314 scurrae,
559 4232 619 4296 tibi
642 4254 705 4295 non
729 4231 894 4296 referenda
916 4233 1047 4319 precati,

547 4423 570 4454 v.
581 4407 618 4454 34.
636 4405 709 4465 Vulg.
726 4404 815 4454 Fenus.
904 4381 905 4384 Ἴ
