2844 5130
136 414 210 486 196·

494 420 532 497 Q.
559 418 767 484 HOR'ATII
800 418 979 484 FLAccr

384 618 501 681 Festus
523 617 559 682 in
581 616 683 705 pratis
706 629 798 683 vacat
821 618 923 684 otioso

473 752 558 818 Cum
579 748 665 816 buve
686 747 808 840 pagus:

384 885 476 950 Inter
499 884 629 950 audacis
651 884 751 974 lupus
774 897 861 951 errat·
882 907 999 973 ugnos:

384 1018 516 1107 Spargit
540 1019 680 1107 agrestis·
696 1019 758 1084 tibi
781 1019 862 1084 silva
883 1017 1031 1084 frondes:

323 1164 358 1214 15
384 1151 515 1216 Gaudet
537 1151 672 1216 invisam
695 1151 857 1240 pepulisse
879 1151 981 1216 fossor

408 1295 409 1300 ’
474 1285 541 1349 Ter
564 1282 646 1371 pede
669 1295 796 1348 terrum.

503 1839 506 1847 ,
556 1902 562 1923 ‘
677 1798 799 1873 XIX.

528 2062 530 2067 .
581 2021 633 2070 Au
663 1996 886 2070 urrunnun.
997 2082 1000 2086 ¹

386 2185 578 2283 Qunurun
602 2203 700 2268 distet
723 2203 765 2268 ab
790 2201 911 2266 Inacho
1019 2197 1022 2209 '

425 2336 567 2417 Codrus,
590 2359 652 2425 pro
674 2337 780 2435 patria
801 2358 865 2400 non
890 2329 1023 2399 timidus
1045 2333 1139 2410 mori,

382 2471 515 2550 Narras,
538 2481 571 2535 et
593 2493 697 2557 genus
720 2470 826 2548 AEaci,

425 2605 472 2669 ns
495 2586 643 2694 pugnata
666 2626 755 2669 sacro
776 2603 862 2668 seua
886 2602 946 2666 sub
972 2601 1053 2665 ruo:

339 2752 356 2802 5
382 2741 455 2818 Quo
479 2737 600 2804 Chium
621 2739 727 2828 pretio
750 2738 866 2802 nudum

426 2874 623 2950 Mercemur,
647 2873 722 2958 quis
745 2894 862 2957 aquam
886 2881 1042 2959 temperet
1065 2869 1213 2957 ignibus,

332 3060 337 3075 ,
381 3006 454 3081 Quo
477 3005 642 3092 praebente
666 3004 808 3081 domum,
833 3015 864 3068 et
889 3014 990 3089 quotu
1075 3018 1077 3023 '
1131 3058 1136 3067 .

424 3138 569 3226 Pelignis
592 3161 716 3204 careum
739 3137 927 3226 frigoribus,
951 3151 1046 3202 taces.

379 3274 433 3337 Da
455 3273 561 3338 Lunoe
584 3293 720 3359 propere
742 3292 846 3347 novoe,

320 3418 356 3473 10
426 3405 480 3470 Du
501 3405 604 3470 noctis
626 3404 752 3483 mediae,
776 3403 829 3483 da,
853 3425 946 3491 puer,
969 3383 1106 3490 'auguris

381 3539 561 3604 Murenaet·
575 3537 680 3602 tribus
703 3549 760 3602 aut
783 3559 898 3602 novem

425 3664 604 3735 Miscentur
627 3665 753 3759 c'yathis
775 3669 892 3758 pocula
915 3668 1099 3734 commodis.

381 3802 446 3880 Qui
470 3801 585 3867 Musas
608 3813 703 3876 amat,
717 3801 856 3891 inpares,

425 3935 553 4000 Ternos
576 3946 625 4000 ter
648 3935 781 4024 cyathos
804 3935 962 4001 attonitus
984 3944 1074 4021 petet
1110 3969 1115 3980 ·

321 4082 356 4135 15
381 4072 494 4135 Vates:
520 4070 580 4134 tris
602 4069 753 4158 prohibet
776 4091 875 4157 supra

409 4194 592 4267 'Rixurum'
607 4199 753 4268 metuens
776 4194 907 4289 tangere
931 4199 1063 4277 Gratia,
1153 4244 1156 4249 -

522 4367 525 4375 ¹
561 4394 585 4424 v·.
598 4378 635 4425 12.
651 4378 725 4437 Vulg.
743 4377 901 4429 Mrscruruu.
