2844 5130
136 438 202 514 1²88

487 440 525 516 Q.
551 438 764 503 HORATII
797 438 973 503 FLACCI

384 633 582 722 Nuptiarum
606 658 720 723 expers
743 640 783 701 et‘
797 635 903 701 adhuc
918 596 1081 723 ‘protervo'

474 767 586 832 Cruda
608 768 737 833 marito:
1086 854 1089 871 Ι

385 877 440 964 Tu
453 906 555 987 ‘potes
578 900 672 989 tig'ri's
691 901 890 988 'comitesque
902 901 1010 966 'silvas
1076 910 1078 914 ’
1146 924 1149 932 ·

384 1035 523 1112 Ducere,
547 1044 579 1098 et
593 1033 687 1098 ‘rivos
710 1034 821 1115 celeris
842 1035 968 1099 morari.

325 1178 360 1231 15
385 1159 489 1238 Cessit
512 1166 649 1231 inmanis
672 1167 732 1232 tibi
755 1166 933 1232 blandienti
1024 1206 1050 1222 2

460 1300 602 1364 ·Janitor
623 1299 706 1364 aulae
764 1360 766 1365 .

384 1431 544 1496 Cerberus
553 1436 569 1505 ;⁴
589 1431 742 1518 quamvis
758 1430 874 1494 furiale
889 1439 1026 1494 ‘centum

385 1563 540 1628 Muniant
563 1570 683 1651 angues
696 1573 804 1651 eaput
828 1562 909 1649 ejus,
933 1576 1032 1651 atque

387 1696 527 1785 Spiritus
549 1708 643 1774 teter,
661 1696 833 1783 'saniesque
855 1707 961 1763 manet

323 1843 362 1894 20
477 1829 542 1894 Ore
564 1828 721 1917 trilingui.

356 1962 470 2040 -Quin
493 1974 525 2026 et
550 1962 666 2039 Ixion·
683 1962 866 2050 Tityosque
890 1962 983 2026 voltu¹
1052 1970 1061 2015 ἰ

386 2084 472 2158 Risit
496 2095 599 2158 invito
609 2119 628 2160 τ,
644 2094 732 2159 stetit
743 2101 838 2158 ’urna
854 2094 1006 2186 paullum
1024 2107 1027 2110 ’

211 2211 217 2228 „
269 2306 271 2309 Ι
386 2227 487 2303 Sicca,
512 2225 591 2290 dum
614 2238 707 2314 grato
722 2217 836 2290 Danai
860 2227 984 2314 puellas

416 2383 417 2387 ¹
477 2359 627 2423 Carmine
649 2360 777 2423 mulces.

325 2503 363 2554 25
387 2491 509 2556 Audiat
534 2491 628 2579 Lyde
652 2492 753 2556 scelus
776 2504 874 2579 atque
898 2502 989 2556 notas

385 2622 557 2710 Virginum
580 2606 703 2710 poenas,
728 2620 759 2689 et
783 2624 877 2688 inane
900 2624 1042 2712 lymphae

385 2754 519 2819 Dolium
542 2755 645 2820 fundo
668 2757 832 2844 pereuntis
854 2757 930 2832 imo,

478 2868 620 2974 Senaque
642 2888 720 2966 fata,

386 3017 477 3098 Quae
490 3017 620 3084 manent
643 3018 755 3107 culpas
778 3021 873 3084 etiam
886 3021 958 3084 sub
983 3021 1077 3083 Orco.

324 3164 362 3215 30
387 3151 503 3239 Inpioe,
529 3154 618 3234 (nam
642 3152 723 3238 quid
745 3151 879 3239 potuere
901 3151 1056 3239 majus?)‘

312 3278 315 3284 ’
384 3285 490 3373 Inpiae
513 3307 644 3377 sponsos
666 3297 801 3372 potuere
824 3285 906 3349 duro

478 3419 617 3483 Perdere
639 3418 735 3492 ferro.

386 3553 464 3616 Una
486 3550 530 3618 de·
549 3551 673 3630 multis,¹
695 3552 940 3639 facenuptiali
1024 3533 1027 3538 ⁵

387 3683 508 3770 Digna,
532 3685 700 3772 perjurum
722 3684 843 3748 fuitin
866 3686 1043 3773 parentem

325 3828 363 3880 35
389 3814 563 3903 Splendide
585 3815 735 3891 mendax,
751 3819 792 3880 'e't
816 3817 849 3880 in
872 3839 965 3880 omne
988 3815 1081 3903 virgo

477 3946 605 4012 Nobilis
628 3971 750 4012 aevum:

389 4084 519 4159 sunau,
544 4105 617 4168 quoe
641 4081 724 4146 dixit
744 4082 857 4169 juveni
881 4082 1006 4159 marito,
1075 4100 1077 4105 ·

390 4217 504 4301 Surge,
529 4237 568 4277 ne
591 4213 707 4301 longus
731 4213 791 4277 tibi
815 4236 954 4292 somnus,
980 4214 1065 4278 unde

531 4402 555 4433 v.
568 4387 603 4434 ls.
619 4385 697 4443 Forte,
713 4387 800 4446 Caput,
817 4362 954 4439 ausinora.
