2828 5122
432 460 701 527 CARMINUM
732 461 810 527 er.
828 463 878 527 ΙΙ.

274 658 344 723 Nec
366 658 538 724 fortuitum
562 683 709 748 spernere
731 661 882 750 cespitem

274 790 378 879 Leges
401 791 556 872 sinebant,
579 792 701 881 oppida
723 794 854 882 publico

320 924 437 989 Sumtu
455 925 619 1012 jubentes,
642 937 675 993 et
699 927 842 990 Deorum

208 1065 247 1117 20
362 1056 500 1143 Templa
523 1080 607 1121 novo
630 1056 779 1122 decorare
802 1080 887 1122 saxo.
968 1101 969 1108 κ

590 1342 707 1417 XVI.

489 1539 541 1587 ΑΙ)
572 1539 802 1589 GROSPHUM.

294 1685 425 1770 Orruu
450 1705 553 1770 Divos
575 1707 724 1794 rogatio
746 1716 877 1793 patente

292 1840 432 1905 Prensus
455 1839 584 1927 AEgaeo‚
608 1837 704 1904 simul
727 1850 798 1926 atro
819 1839 923 1904 nubes

291 1971 446 2037 Condidit
469 1971 609 2050 Lunum,
633 1951 738 2058 neque
760 1983 848 2037 certa
869 1971 997 2060 fulgent

382 2104 494 2171 Sidera
515 2104 641 2170 nautis:
877 2077 880 2082 Ι

248 2250 266 2302 5
291 2238 403 2305 Otium
425 2238 510 2304 bello
532 2238 654 2305 furiosa
678 2238 817 2321 Thrace,

290 2373 403 2439 Otium
427 2373 520 2439 Medi
542 2373 694 2461 pharetra
716 2371 836 2450 deoori,

290 2505 449 2594 Grosphe,
472 2529 537 2571 non
559 2506 705 2594 gemmis,
728 2528 834 2594 neque
855 2528 1003 2594 purpura
1025 2529 1076 2570 ve-

378 2639 462 2716 nale,
485 2661 542 2703 nec
565 2661 654 2703 auro.

289 2773 363 2836 Non
386 2771 468 2837 enirn
492 2794 594 2859 gazae,
617 2793 723 2858 neque
746 2769 922 2835 consularis

228 2916 265 2967 10
288 2904 464 2969 Submovet
486 2904 581 2969 lictor
606 2904 736 2969 miseros
759 2902 920 2969 tumultus

287 3035 421 3113 Mentis,
445 3047 477 3100 et
500 3058 594 3103 curas
615 3036 766 3122 laqueata
788 3035 909 3101 circum
957 3106 959 3111 ,

378 3169 482 3233 Tecta
504 3169 650 3235 volantis.

286 3301 414 3367 Vivitur
436 3324 538 3390 parvo
560 3301 653 3381 bene,
677 3300 729 3365 cui
751 3313 922 3389 paternum

287 3433 440 3520 Splendet
462 3434 496 3499 in
521 3457 630 3499 mensa
651 3434 741 3499 tenui
764 3434 920 3509 salinum

225 3576 261 3629 15
285 3566 353 3631 Neo
374 3567 454 3631 levis
478 3589 603 3631 somnos
626 3565 721 3631 timor
745 3578 801 3631 aut
824 3566 943 3653 cupido

375 3700 531 3765 Sordidus
554 3699 669 3765 aufert.

286 3834 374 3913 Quid
395 3834 486 3901 brevi
509 3835 608 3899 fortes
626 3835 809 3922 jaculamur
832 3858 902 3900 aevo

283 3969 417 4035 Multa?
449 3968 530 4056 quid
553 3980 654 4035 terras
676 3969 740 4034 alio
762 3967 895 4035 calentis

285 4102 357 4167 Sole
380 4105 566 4168 mutamus?
597 4102 712 4191 patrioe
735 4101 809 4189 quis
828 4100 919 4167 exsul
945 4160 948 4165 .

218 4250 259 4301 20
374 4238 414 4302 Se
437 4260 568 4325 quoque
590 4236 700 4324 fugit?

494 4429 518 4459 v.
529 4414 551 4461 l.
567 4411 641 4469 Vulg.
656 4410 775 4461 Purrurr.

612 4532 631 4572 n
643 4523 661 4574 2

1183 460 1250 528 163
