2844 5130
420 827 464 912 Q.
491 828 719 903 HORATII
752 832 936 908 FLACOI

337 1068 1021 1164 SERMONUM

533 1368 826 1427 LIBER-PRIMUS.

474 1635 885 1647 ————————-—-——-

551 1865 746 1930 ECLOGA
773 1866 801 1928 1.

189 2020 255 2122 Qui
280 2043 328 2122 fit,
353 2044 525 2125 Maecenas,
540 2056 713 2125 ''utnemo,
726 2044 919 2132 ⁴quamsibi
943 2058 1058 2112 sortem

188 2176 241 2243 Seu
264 2178 346 2244 ratio
368 2178 502 2259 dederit,
526 2194 582 2249 seu
605 2180 672 2245 fors
694 2180 857 2269 objecerit,
880 2180 937 2246 illa

186 2310 354 2377 Contentus
376 2311 483 2388 vivat3
510 2312 621 2377 laudet
644 2313 768 2377 diversa
792 2315 979 2400 sequentis?

184 2440 207 2504 0
226 2442 383 2508 fortunati
398 2453 606 2522 mercatores,
630 2443 737 2532 gravis
760 2445 852 2510 aunis

150 2572 268 2640 5Miles
291 2575 349 2654 ait,
373 2577 476 2642 multo
494 2577 562 2666 jam
585 2577 707 2643 fractus
731 2577 872 2642 membra
894 2578 1010 2643 labore.

183 2706 297 2774 Contra
319 2720 485 2788 mercator,
509 2717 622 2774 navem
641 2709 840 2798 jactantibus
864 2711 1002 2790 Austris,
1084 2799 1088 2807 .

183 2837 297 2906 Militia
320 2848 368 2906 es't
384 2841 505 2928 potior.
529 2841 741 2928 quidenim?
772 2840 990 2905 concurritur:
1017 2841 1105 2908 horae

182 2970 351 3041 Memento,
365 2985 421 3038 aut
444 2974 509 3039 cita
530 2983 616 3039 mors
638 2973 737 3052 venit,
761 2984 819 3038 aut
842 2973 975 3064 rictoria
996 2974 1080 3039 laeta

181 3103 354 3194 Agricolam
377 3106 489 3172 laudat
508 3107 592 3196 jktu's
614 3108 787 3195 legumque
809 3106 944 3194 peritus,

136 3242 166 3294 1⁰
184 3235 244 3302 Sub
266 3238 347 3326 galli
370 3250 500 3304 cantum
523 3220 685 3304 consultor
708 3238 766 3303 ubi
789 3238 870 3303 ostia
893 3239 1009 3325 pulsat.

182 3365 246 3447 llle,
271 3369 356 3435 datis
379 3370 516 3436 vadibus
540 3370 598 3459 qui
616 3387 695 3436 'rure
719 3379 881 3435 extractus
904 3370 938 3432 in
961 3369 1074 3434 urbem
1097 3374 1156 3448 est,

182 3498 264 3566 Solos
286 3502 394 3569 felices
418 3504 555 3585 viventis
578 3505 693 3570 clamat
715 3504 749 3568 in
771 3503 860 3569 urbe.

182 3631 300 3700 Cretera
323 3634 363 3700 de
385 3660 500 3725 genere
521 3638 582 3702 hoc
607 3637 701 3722 (adeo
723 3647 798 3702 sunt
820 3636 938 3720 multa)
963 3636 1128 3723 loquacem
1196 3692 1199 3698 .

182 3760 343 3831 Delassare
364 3768 473 3832 valent
498 3768 645 3833 Fabium.
672 3790 712 3833 ne
736 3779 769 3834 te
793 3790 907 3846 morer,
932 3766 1008 3831 audi
1070 3802 1073 3807 ’

137 3898 165 3950 15
183 3894 247 3972 Quo
269 3912 338 3963 rem
360 3895 525 3965 deducam.
551 3900 577 3966 si
600 3901 673 3988 quis
697 3901 798 3978 Deus,
823 3900 876 3962 En
900 3922 971 3986 ego,
994 3897 1091 3977 dicat,

181 4025 248 4093 Jam
271 4029 387 4096 faciam
410 4032 499 4120 quod
522 4032 637 4098 voltis:
665 4032 739 4097 eris
749 4043 798 4108 tu,
823 4030 880 4117 qui
904 4028 999 4093 modo
1017 4030 1122 4109 miles,

180 4149 356 4238 Mercator3
380 4176 422 4228 tu
446 4166 610 4230 consultus
633 4165 739 4240 modo,
763 4163 919 4227 rusticus:
946 4161 1021 4228 hinc
1044 4185 1112 4244 vos,

179 4287 236 4356 Vos
257 4268 345 4371 hinc,
369 4296 501 4361 mutatis
523 4295 674 4362 discedite
697 4292 851 4383 partibus.
882 4293 941 4372 eia,

179 4419 259 4497 Quid
283 4425 538 4493 statistnolint.
563 4429 654 4515 atqui
677 4427 750 4492 licet
773 4448 839 4490 esse
862 4424 971 4491 beatis.

663 4559 690 4622 A
