2844 5130
394 472 745 538 EPISTOLARUM
777 471 854 536 Lm.
873 475 900 536 I.
928 484 972 536 10.
1209 464 1273 528 231

187 669 345 736 Novistine
366 671 473 736 locum
495 670 653 759 potiorem
675 694 750 736 rure
772 672 890 737 beato?

134 803 163 857 ¹5
184 801 248 883 Est,
272 804 331 869 ubi
352 805 426 893 plus
448 815 578 892 tepeant
600 804 741 870 hiemes?
770 804 828 870 ubi
850 802 973 892 gratior
995 823 1075 867 aura
1120 875 1123 879 ,

183 932 291 1003 leniat
313 948 346 1001 et
366 936 489 1003 rabiem
512 936 621 1015 Canis,
644 948 677 1002 et
698 947 859 1001 momenta
881 933 1013 1012 Leonis,

184 1067 260 1134 Cum
283 1069 379 1134 semel
400 1069 522 1157 accepit
546 1069 644 1134 solem
665 1067 864 1134 furibundus
885 1068 1040 1132 acutum?

181 1197 248 1279 Est,
271 1200 330 1265 ubi
351 1200 484 1266 diveNat
507 1223 632 1267 somnos
654 1201 760 1266 minus
781 1198 893 1264 invida
914 1201 1014 1263 cura?

180 1329 329 1398 Deterius
352 1332 486 1422 Libycis
507 1333 572 1398 olet
594 1343 652 1398 aut
674 1333 756 1398 nitet
777 1332 877 1398 herba
897 1329 1039 1419 lapillis?

99 1457 158 1516 ²0
177 1463 293 1536 Purior
314 1466 348 1532 in
371 1465 450 1531 vicis
471 1489 557 1552 aqua
579 1466 683 1531 tendit
705 1488 853 1554 rumpere
875 1464 1058 1553 plumbum,

176 1599 281 1676 Quam
302 1592 376 1687 quae
399 1622 457 1687 per
480 1622 618 1686 pronum
642 1599 782 1687 trepidat
805 1622 884 1663 cum.
901 1618 1065 1662 murmure
1087 1576 1216 1659 rivum?

176 1729 299 1818 Nempe
320 1731 403 1797 inter
426 1731 530 1797 varias
551 1733 695 1797 nutritur
719 1732 799 1796 silva
821 1730 996 1814 columnas,

181 1861 410 1955 Laudaturque
432 1863 557 1941 domus,
580 1864 693 1952 longos
716 1887 790 1951 quae
812 1863 967 1950 prospicit
990 1885 1092 1950 agros.

182 1993 335 2062 Naturam
357 1997 496 2086 expelles
518 1997 629 2073 furca3
654 2009 760 2061 tamen
783 2019 886 2082 usque
909 2005 1062 2073 recurret,

104 2118 150 2174 ²5
182 2124 222 2193 Et
245 2129 329 2194 mala
351 2141 537 2217 perrumpet
559 2129 674 2195 furtim
695 2128 825 2193 fastidia
847 2129 973 2192 victrix.

180 2255 262 2338 Non,
285 2261 344 2348 qui
369 2261 499 2325 Sidonio
522 2261 712 2348 contendere
734 2260 869 2339 callidus
892 2272 978 2326 ostro

175 2385 286 2457 Nescit
309 2391 503 2480 Aquinatem
525 2394 671 2481 potantia
694 2393 811 2459 vellera
833 2393 957 2473 fucum,

173 2524 306 2590 Certius
327 2525 462 2614 accipiet
484 2526 649 2605 damnum,
672 2527 847 2617 propiusve
869 2487 1020 2592 medullis
1026 2551 1035 2600 ς

171 2658 281 2736 Quam
304 2658 450 2745 quinon
473 2660 591 2746 poterit
614 2683 689 2724 vero
712 2659 909 2746 distinguere
932 2660 1058 2724 falsum.

66 2758 139 2826 3⁰
171 2791 281 2868 Quem
303 2812 353 2854 res
375 2790 451 2877 plus
473 2791 572 2856 nimio
594 2791 791 2856 delectavere
814 2790 972 2869 secundae,

172 2919 317 2986 Mutatae
340 2923 495 3010 quatient.
520 2925 546 2988 si
569 2923 650 3011 quid
673 2924 838 3002 mirabere,
863 2946 962 3010 pones

177 3054 315 3119 Invitus.
339 3054 417 3142 fuge
440 3079 564 3144 magna.
588 3057 662 3121 licet
686 3058 748 3123 sub
769 3079 910 3146 paupere
933 3065 1017 3119 tecto

177 3185 283 3273 Reges
305 3197 337 3250 et
360 3208 473 3275 regum
496 3189 564 3254 vita
585 3210 780 3276 praecurrere
803 3189 927 3254 amicos.

178 3317 300 3383 Cervus
322 3341 442 3406 equum
456 3341 578 3418 *pugna
599 3321 710 3387 melior
733 3320 955 3419 communibus
977 3318 1084 3384 herbis

83 3424 147 3494 3⁵
176 3448 340 3524 PeNebat3
366 3449 467 3516 donec
490 3453 593 3518 minor
615 3453 649 3517 in
670 3455 842 3520 certamine
864 3455 961 3542 longo
1114 3428 1117 3433 ἱ

164 3582 358 3671 'Inploravit
381 3607 457 3673 opes
479 3585 628 3665 hominis,
651 3562 843 3676 frenumque
866 3587 1003 3675 recepit:

178 3714 240 3780 Sed
261 3727 434 3804 postquam
457 3719 579 3784 violens
601 3721 686 3784 victo
710 3720 853 3786 discessit
876 3721 917 3786 ab
939 3719 1041 3797 hoste,

176 3849 251 3912 Non
273 3847 414 3936 equitem
438 3849 543 3931 dorso,
568 3875 632 3917 non
650 3853 779 3917 frenum
802 3853 927 3941 depulit
950 3875 1012 3917 ore.

177 3980 229 4044 Sic
251 3980 309 4067 qui
332 3982 517 4070 pauperiem
541 3985 662 4050 veritus
684 3987 808 4072 potiore
831 3984 966 4049 metallis
1020 4031 1024 4039 .

111 4117 153 4174 40
176 4111 342 4178 Libertate
365 4127 462 4194 caret,
486 4115 651 4181 dominum
674 4117 763 4182 vehit
784 4116 959 4204 inprobus;
984 4126 1081 4200 atque

177 4240 299 4309 Serviet
323 4256 489 4327 aeternum,
514 4249 591 4336 quia
612 4273 713 4337 parvo
736 4250 851 4314 nesciet
875 4250 932 4313 uti.

208 4431 231 4463 v.
241 4416 279 4464 24.
296 4416 371 4476 vulg.
388 4409 527 4468 Exiantrs.
621 4423 659 4469 37.
676 4423 893 4470 V1cr0nv101nss.
982 4423 1019 4469 40.
1037 4422 1130 4470 Venor.
