2844 5130
134 407 200 471 128
493 406 530 482 Q.
557 392 769 468 HORATII
787 392 979 466 FMCCI

226 604 338 668 Cornu
362 614 526 691 tympana,
552 624 626 688 quae
650 600 859 687 subsequitur
882 623 986 666 caecus
1009 621 1098 663 amor
1122 599 1184 683 sui,

166 753 201 804 15
225 741 272 803 Et
295 730 411 804 tollens
434 726 573 801 vacuum
596 735 671 821 plus
694 734 798 798 nimio'
815 734 919 822 gloria
941 734 1105 812 verticem,

225 871 406 957 Arcanique
429 868 508 933 fides
531 866 680 956 prodiga,
703 865 899 955 perlucidior
921 866 1015 931 vitro.

676 1366 798 1440 XIX.

597 1600 648 1647 DE
678 1599 873 1649 GLYCERA.

296 1826 299 1833 ·
322 1774 580 1860 Marnnsae'va
604 1786 817 1884 Cupidinum,

366 1927 598 2015 Thebanaeque
616 1929 712 2014 jubet
736 1951 787 1992 me
812 1927 949 1993 Semeles
972 1949 1064 2015 puer,

320 2060 367 2124 Et
390 2059 509 2123 lasciva
532 2059 690 2137 Licentia,

365 2191 484 2256 Finitis
507 2191 648 2256 animum
672 2192 806 2257 reddere
828 2193 1000 2257 amoribus.

279 2336 297 2387 5
321 2323 400 2387 Urit
423 2345 476 2387 me
498 2323 648 2412 Glycera
670 2323 756 2388 nitor

368 2453 572 2542 splendentis
596 2455 693 2519 Pario
715 2478 872 2520 marmore
894 2457 1028 2545 purius;

321 2588 416 2652 Urit·
422 2599 516 2675 grata
538 2588 742 2675 protervitas,

316 2769 318 2773 .
359 2720 414 2783 ,Et
437 2719 546 2784 voltus
568 2720 703 2784 nimium
725 2720 870 2786 lubricus
893 2719 1002 2808 aspici.
1113 2772 1117 2783 .

300 2853 364 2916 ‘In
387 2875 438 2918 me
461 2865 530 2917 tota
552 2874 648 2918 ruens
672 2855 782 2946 Venus

262 2997 298 3048 10
367 2985 516 3074 Cyprum
539 2983 700 3061 deseruit3
725 3009 784 3050 nec
807 2986 931 3074 patitur
958 2985 1105 3073 Scythas,

322 3118 368 3182 Et
390 3117 491 3182 versis
513 3118 692 3201 animosum
715 3119 807 3206 equis

284 3320 287 3328 ,
368 3249 528 3315 Parthum
552 3250 667 3329 dicere,
691 3275 750 3315 nec
773 3275 848 3338 quae
870 3251 952 3316 nihil
974 3214 1121 3319 attinent.

325 3382 390 3446 Hic
413 3383 524 3447 vivum
548 3383 626 3447 mihi
650 3383 814 3472 cespitem,
838 3383 890 3448 hic

368 3514 542 3613 verbenas,
565 3516 671 3602 pueri,
695 3517 816 3605 ponite,
841 3528 980 3605 turaque

264 3658 299 3710 15
323 3646 409 3710 Bimi
432 3670 513 3724 cum¹
530 3659 641 3735 patera
663 3649 760 3714 meri:

368 3780 516 3845 Mactata
538 3780 644 3846 veniet
667 3781 768 3846 lenior
791 3782 922 3847 hostia..
