<?xml version="1.0" encoding="UTF-8"?>
<!DOCTYPE html PUBLIC "-//W3C//DTD XHTML 1.0 Transitional//EN"
    "http://www.w3.org/TR/xhtml1/DTD/xhtml1-transitional.dtd">
<html xmlns="http://www.w3.org/1999/xhtml" xml:lang="en" lang="en">
 <head>
  <title>
</title>
<meta http-equiv="Content-Type" content="text/html;charset=utf-8" />
  <meta name='ocr-system' content='tesseract 3.04.00' />
  <meta name='ocr-capabilities' content='ocr_page ocr_carea ocr_par ocr_line ocrx_word'/>
</head>
<body>
  <div class='ocr_page' id='page_1' title='image "./horatiusrestitu00flacgoog_0176.png"; bbox 0 0 2844 5130; ppageno 0'>
   <div class='ocr_carea' id='block_1_1' title="bbox 438 431 938 554">
    <p class='ocr_par' dir='ltr' id='par_1_1' title="bbox 438 431 938 554">
     <span class='ocr_line' id='line_1_1' title="bbox 438 431 938 554; baseline 0.004 -4"><span class='ocrx_word' id='word_1_1' title='bbox 438 431 709 552; x_wconf 67' lang='lat' dir='ltr'><strong>sEsMONUM</strong></span> <span class='ocrx_word' id='word_1_2' title='bbox 741 483 818 552; x_wconf 86' lang='lat' dir='ltr'><strong>Lrn.</strong></span> <span class='ocrx_word' id='word_1_3' title='bbox 837 486 885 554; x_wconf 92' lang='lat'><strong>11.</strong></span> <span class='ocrx_word' id='word_1_4' title='bbox 911 491 938 553; x_wconf 74' lang='lat'><strong>³4.</strong></span> 
     </span>
    </p>
   </div>
   <div class='ocr_carea' id='block_1_2' title="bbox 137 684 1162 4212">
    <p class='ocr_par' dir='ltr' id='par_1_2' title="bbox 191 684 1065 907">
     <span class='ocr_line' id='line_1_2' title="bbox 193 684 1065 774; baseline 0.002 -24"><span class='ocrx_word' id='word_1_5' title='bbox 193 686 272 763; x_wconf 80' lang='lat' dir='ltr'><strong>Quin</strong></span> <span class='ocrx_word' id='word_1_6' title='bbox 293 684 330 749; x_wconf 85' lang='grc'><strong>111</strong></span> <span class='ocrx_word' id='word_1_7' title='bbox 352 697 421 750; x_wconf 84' lang='lat' dir='ltr'><strong>erat</strong></span> <span class='ocrx_word' id='word_1_8' title='bbox 444 704 541 763; x_wconf 76' lang='lat' dir='ltr'><strong>curae,</strong></span> <span class='ocrx_word' id='word_1_9' title='bbox 565 709 631 773; x_wconf 92' lang='lat' dir='ltr'><strong>quo</strong></span> <span class='ocrx_word' id='word_1_10' title='bbox 653 699 748 774; x_wconf 90' lang='lat' dir='ltr'><strong>pacto</strong></span> <span class='ocrx_word' id='word_1_11' title='bbox 770 698 886 751; x_wconf 89' lang='lat' dir='ltr'><strong>cuncta</strong></span> <span class='ocrx_word' id='word_1_12' title='bbox 906 697 1065 762; x_wconf 88' lang='lat' dir='ltr'><strong>tensrem;</strong></span> 
     </span>
     <span class='ocr_line' id='line_1_3' title="bbox 191 818 977 907; baseline -0.001 -25"><span class='ocrx_word' id='word_1_13' title='bbox 191 819 311 907; x_wconf 90' lang='lat' dir='ltr'><strong>Utpote</strong></span> <span class='ocrx_word' id='word_1_14' title='bbox 333 841 384 882; x_wconf 92' lang='lat' dir='ltr'><strong>res</strong></span> <span class='ocrx_word' id='word_1_15' title='bbox 407 818 523 901; x_wconf 87' lang='lat' dir='ltr'><strong>tenuis,</strong></span> <span class='ocrx_word' id='word_1_16' title='bbox 547 819 636 883; x_wconf 81' lang='lat' dir='ltr'><strong>tenui</strong></span> <span class='ocrx_word' id='word_1_17' title='bbox 659 840 802 883; x_wconf 82' lang='lat' dir='ltr'>sermone</span> <span class='ocrx_word' id='word_1_18' title='bbox 823 831 977 906; x_wconf 84' lang='lat' dir='ltr'><strong>peractas.</strong></span> 
     </span>
    </p>

    <p class='ocr_par' dir='ltr' id='par_1_3' title="bbox 144 951 1162 1305">
     <span class='ocr_line' id='line_1_4' title="bbox 144 951 1162 1039; baseline 0.004 -27"><span class='ocrx_word' id='word_1_19' title='bbox 144 962 173 1013; x_wconf 91' lang='lat'><strong>10</strong></span> <span class='ocrx_word' id='word_1_20' title='bbox 191 951 257 1017; x_wconf 87' lang='lat' dir='ltr'><strong>Ede</strong></span> <span class='ocrx_word' id='word_1_21' title='bbox 278 951 417 1016; x_wconf 90' lang='lat' dir='ltr'><strong>hominis</strong></span> <span class='ocrx_word' id='word_1_22' title='bbox 440 973 575 1026; x_wconf 72' lang='lat' dir='ltr'><strong>nomem</strong></span> <span class='ocrx_word' id='word_1_23' title='bbox 601 952 696 1017; x_wconf 91' lang='lat' dir='ltr'><strong>simul</strong></span> <span class='ocrx_word' id='word_1_24' title='bbox 718 963 762 1030; x_wconf 89' lang='lat' dir='ltr'><strong>et,</strong></span> <span class='ocrx_word' id='word_1_25' title='bbox 787 952 954 1016; x_wconf 88' lang='lat' dir='ltr'><strong>Romanus</strong></span> <span class='ocrx_word' id='word_1_26' title='bbox 976 974 1017 1016; x_wconf 90' lang='lat' dir='ltr'><strong>an</strong></span> <span class='ocrx_word' id='word_1_27' title='bbox 1039 951 1162 1039; x_wconf 77' lang='lat' dir='ltr'>hospes.</span> 
     </span>
     <span class='ocr_line' id='line_1_5' title="bbox 191 1084 1072 1173; baseline -0.003 -23"><span class='ocrx_word' id='word_1_28' title='bbox 191 1086 263 1173; x_wconf 91' lang='lat' dir='ltr'><strong>Ipsa</strong></span> <span class='ocrx_word' id='word_1_29' title='bbox 285 1107 407 1150; x_wconf 90' lang='lat' dir='ltr'><strong>memor</strong></span> <span class='ocrx_word' id='word_1_30' title='bbox 429 1100 590 1173; x_wconf 83' lang='lat' dir='ltr'><strong>praecepta</strong></span> <span class='ocrx_word' id='word_1_31' title='bbox 611 1107 740 1150; x_wconf 86' lang='lat' dir='ltr'><strong>canam:</strong></span> <span class='ocrx_word' id='word_1_32' title='bbox 774 1084 929 1150; x_wconf 78' lang='lat' dir='ltr'><strong>celabitur</strong></span> <span class='ocrx_word' id='word_1_33' title='bbox 952 1096 1072 1150; x_wconf 84' lang='lat' dir='ltr'><strong>auctor.</strong></span> 
     </span>
     <span class='ocr_line' id='line_1_6' title="bbox 190 1215 1016 1305; baseline 0 -25"><span class='ocrx_word' id='word_1_34' title='bbox 190 1216 300 1305; x_wconf 84' lang='lat' dir='ltr'><strong>Longa</strong></span> <span class='ocrx_word' id='word_1_35' title='bbox 321 1216 449 1305; x_wconf 84' lang='lat' dir='ltr'><strong>quibus</strong></span> <span class='ocrx_word' id='word_1_36' title='bbox 463 1215 560 1280; x_wconf 85' lang='lat' dir='ltr'><strong>facies</strong></span> <span class='ocrx_word' id='word_1_37' title='bbox 582 1215 651 1280; x_wconf 85' lang='lat' dir='ltr'><strong>ovis</strong></span> <span class='ocrx_word' id='word_1_38' title='bbox 673 1216 746 1295; x_wconf 90' lang='lat' dir='ltr'><strong>erit,</strong></span> <span class='ocrx_word' id='word_1_39' title='bbox 768 1216 826 1280; x_wconf 86' lang='lat' dir='ltr'><strong>illa</strong></span> <span class='ocrx_word' id='word_1_40' title='bbox 847 1228 1016 1294; x_wconf 92' lang='lat' dir='ltr'><strong>memento,</strong></span> 
     </span>
    </p>

    <p class='ocr_par' dir='ltr' id='par_1_4' title="bbox 189 1348 1114 1568">
     <span class='ocr_line' id='line_1_7' title="bbox 189 1348 1040 1436; baseline 0.001 -24"><span class='ocrx_word' id='word_1_41' title='bbox 189 1348 233 1413; x_wconf 94' lang='lat' dir='ltr'><strong>Ut</strong></span> <span class='ocrx_word' id='word_1_42' title='bbox 255 1348 343 1413; x_wconf 90' lang='lat' dir='ltr'><strong>succi</strong></span> <span class='ocrx_word' id='word_1_43' title='bbox 365 1349 514 1427; x_wconf 89' lang='lat' dir='ltr'><strong>melioris,</strong></span> <span class='ocrx_word' id='word_1_44' title='bbox 537 1361 570 1414; x_wconf 90' lang='lat' dir='ltr'><strong>et</strong></span> <span class='ocrx_word' id='word_1_45' title='bbox 593 1359 630 1413; x_wconf 94' lang='lat' dir='ltr'><strong>ut</strong></span> <span class='ocrx_word' id='word_1_46' title='bbox 653 1349 754 1436; x_wconf 84' lang='lat' dir='ltr'><strong>magis</strong></span> <span class='ocrx_word' id='word_1_47' title='bbox 776 1350 860 1413; x_wconf 85' lang='lat' dir='ltr'><strong>alma</strong></span> <span class='ocrx_word' id='word_1_48' title='bbox 881 1348 1040 1426; x_wconf 85' lang='lat' dir='ltr'><strong>rotundis,</strong></span> 
     </span>
     <span class='ocr_line' id='line_1_8' title="bbox 189 1479 1114 1568; baseline -0.001 -26"><span class='ocrx_word' id='word_1_49' title='bbox 189 1479 325 1546; x_wconf 86' lang='lat' dir='ltr'><strong>Ponere:</strong></span> <span class='ocrx_word' id='word_1_50' title='bbox 349 1501 488 1568; x_wconf 89' lang='lat' dir='ltr'><strong>namque</strong></span> <span class='ocrx_word' id='word_1_51' title='bbox 510 1502 628 1545; x_wconf 87' lang='lat' dir='ltr'><strong>marem</strong></span> <span class='ocrx_word' id='word_1_52' title='bbox 651 1480 799 1545; x_wconf 90' lang='lat' dir='ltr'><strong>cohibent</strong></span> <span class='ocrx_word' id='word_1_53' title='bbox 822 1481 939 1545; x_wconf 89' lang='lat' dir='ltr'><strong>callosa</strong></span> <span class='ocrx_word' id='word_1_54' title='bbox 960 1481 1114 1546; x_wconf 82' lang='lat' dir='ltr'>vitellum.</span> 
     </span>
    </p>

    <p class='ocr_par' dir='ltr' id='par_1_5' title="bbox 142 1612 999 1832">
     <span class='ocr_line' id='line_1_9' title="bbox 142 1612 999 1700; baseline 0.006 -27"><span class='ocrx_word' id='word_1_55' title='bbox 142 1622 169 1674; x_wconf 84' lang='lat'><strong>15</strong></span> <span class='ocrx_word' id='word_1_56' title='bbox 189 1612 286 1677; x_wconf 87' lang='lat' dir='ltr'><strong>Caule</strong></span> <span class='ocrx_word' id='word_1_57' title='bbox 309 1612 505 1688; x_wconf 87' lang='lat' dir='ltr'><strong>suburbano,</strong></span> <span class='ocrx_word' id='word_1_58' title='bbox 529 1613 587 1699; x_wconf 88' lang='lat' dir='ltr'><strong>qui</strong></span> <span class='ocrx_word' id='word_1_59' title='bbox 610 1612 701 1677; x_wconf 90' lang='lat' dir='ltr'><strong>siccis</strong></span> <span class='ocrx_word' id='word_1_60' title='bbox 723 1612 824 1677; x_wconf 88' lang='lat' dir='ltr'><strong>crevit</strong></span> <span class='ocrx_word' id='word_1_61' title='bbox 845 1613 879 1676; x_wconf 93' lang='lat' dir='ltr'><strong>in</strong></span> <span class='ocrx_word' id='word_1_62' title='bbox 903 1613 999 1700; x_wconf 81' lang='lat' dir='ltr'><strong>agris,</strong></span> 
     </span>
     <span class='ocr_line' id='line_1_10' title="bbox 188 1743 931 1832; baseline -0.004 -23"><span class='ocrx_word' id='word_1_63' title='bbox 188 1745 336 1810; x_wconf 88' lang='lat' dir='ltr'><strong>Dulcior:</strong></span> <span class='ocrx_word' id='word_1_64' title='bbox 360 1744 488 1832; x_wconf 85' lang='lat' dir='ltr'><strong>inriguo</strong></span> <span class='ocrx_word' id='word_1_65' title='bbox 511 1745 592 1808; x_wconf 91' lang='lat' dir='ltr'><strong>nihil</strong></span> <span class='ocrx_word' id='word_1_66' title='bbox 615 1756 663 1809; x_wconf 92' lang='lat' dir='ltr'><strong>est</strong></span> <span class='ocrx_word' id='word_1_67' title='bbox 686 1745 805 1809; x_wconf 92' lang='lat' dir='ltr'><strong>elutius</strong></span> <span class='ocrx_word' id='word_1_68' title='bbox 827 1743 931 1809; x_wconf 91' lang='lat' dir='ltr'><strong>horto.</strong></span> 
     </span>
    </p>

    <p class='ocr_par' dir='ltr' id='par_1_6' title="bbox 188 1852 1082 2207">
     <span class='ocr_line' id='line_1_11' title="bbox 191 1852 1082 1966; baseline 0.001 -25"><span class='ocrx_word' id='word_1_69' title='bbox 191 1877 221 1941; x_wconf 90' lang='lat' dir='ltr'><strong>Si</strong></span> <span class='ocrx_word' id='word_1_70' title='bbox 241 1877 449 1965; x_wconf 87' lang='lat' dir='ltr'><strong>vespertinus·</strong></span> <span class='ocrx_word' id='word_1_71' title='bbox 465 1878 574 1942; x_wconf 92' lang='lat' dir='ltr'><strong>subito</strong></span> <span class='ocrx_word' id='word_1_72' title='bbox 596 1889 629 1943; x_wconf 92' lang='lat' dir='ltr'><strong>te</strong></span> <span class='ocrx_word' id='word_1_73' title='bbox 650 1878 843 1966; x_wconf 87' lang='lat' dir='ltr'><strong>oppresserit</strong></span> <span class='ocrx_word' id='word_1_74' title='bbox 866 1877 1000 1965; x_wconf 84' lang='lat' dir='ltr'><strong>hospes3</strong></span> <span class='ocrx_word' id='word_1_75' title='bbox 1079 1852 1082 1858; x_wconf 23' lang='grc' dir='ltr'><strong><em>Ι</em></strong></span> 
     </span>
     <span class='ocr_line' id='line_1_12' title="bbox 188 2009 948 2098; baseline 0.003 -25"><span class='ocrx_word' id='word_1_76' title='bbox 188 2009 233 2074; x_wconf 92' lang='lat' dir='ltr'><strong>Ne</strong></span> <span class='ocrx_word' id='word_1_77' title='bbox 254 2010 377 2097; x_wconf 85' lang='lat' dir='ltr'><strong>gallina</strong></span> <span class='ocrx_word' id='word_1_78' title='bbox 397 2010 517 2075; x_wconf 85' lang='lat' dir='ltr'><strong>malum</strong></span> <span class='ocrx_word' id='word_1_79' title='bbox 540 2022 702 2098; x_wconf 88' lang='lat' dir='ltr'><strong>responset</strong></span> <span class='ocrx_word' id='word_1_80' title='bbox 724 2009 807 2073; x_wconf 92' lang='lat' dir='ltr'><strong>dura</strong></span> <span class='ocrx_word' id='word_1_81' title='bbox 828 2010 948 2098; x_wconf 85' lang='lat' dir='ltr'><strong>palato,</strong></span> 
     </span>
     <span class='ocr_line' id='line_1_13' title="bbox 189 2141 989 2207; baseline 0 -1"><span class='ocrx_word' id='word_1_82' title='bbox 189 2141 310 2206; x_wconf 88' lang='lat' dir='ltr'><strong>Doctus</strong></span> <span class='ocrx_word' id='word_1_83' title='bbox 332 2141 394 2206; x_wconf 86' lang='lat' dir='ltr'><strong>eris</strong></span> <span class='ocrx_word' id='word_1_84' title='bbox 416 2142 523 2207; x_wconf 84' lang='lat' dir='ltr'><strong>vivam</strong></span> <span class='ocrx_word' id='word_1_85' title='bbox 546 2153 652 2206; x_wconf 89' lang='lat' dir='ltr'><strong>musto</strong></span> <span class='ocrx_word' id='word_1_86' title='bbox 674 2164 810 2206; x_wconf 90' lang='lat' dir='ltr'><strong>mersare</strong></span> <span class='ocrx_word' id='word_1_87' title='bbox 833 2142 989 2207; x_wconf 77' lang='lat' dir='ltr'><strong>Falerno:</strong></span> 
     </span>
    </p>

    <p class='ocr_par' dir='ltr' id='par_1_7' title="bbox 139 2272 1051 2902">
     <span class='ocr_line' id='line_1_14' title="bbox 139 2272 1051 2362; baseline 0.009 -31"><span class='ocrx_word' id='word_1_88' title='bbox 139 2281 170 2333; x_wconf 77' lang='lat'><strong>20</strong></span> <span class='ocrx_word' id='word_1_89' title='bbox 189 2274 257 2337; x_wconf 91' lang='lat' dir='ltr'><strong>Hoc</strong></span> <span class='ocrx_word' id='word_1_90' title='bbox 280 2284 421 2338; x_wconf 89' lang='lat' dir='ltr'><strong>teneram</strong></span> <span class='ocrx_word' id='word_1_91' title='bbox 441 2272 547 2338; x_wconf 87' lang='lat' dir='ltr'><strong>faciet.</strong></span> <span class='ocrx_word' id='word_1_92' title='bbox 571 2273 775 2361; x_wconf 79' lang='lat' dir='ltr'><strong>pratensibus</strong></span> <span class='ocrx_word' id='word_1_93' title='bbox 797 2273 920 2362; x_wconf 92' lang='lat' dir='ltr'><strong>optima</strong></span> <span class='ocrx_word' id='word_1_94' title='bbox 941 2274 1051 2362; x_wconf 84' lang='lat' dir='ltr'><strong>fungis</strong></span> 
     </span>
     <span class='ocr_line' id='line_1_15' title="bbox 188 2404 1009 2471; baseline 0.004 -3"><span class='ocrx_word' id='word_1_95' title='bbox 188 2404 310 2470; x_wconf 89' lang='lat' dir='ltr'><strong>Natura</strong></span> <span class='ocrx_word' id='word_1_96' title='bbox 331 2416 397 2470; x_wconf 91' lang='lat' dir='ltr'><strong>est:</strong></span> <span class='ocrx_word' id='word_1_97' title='bbox 423 2405 493 2470; x_wconf 88' lang='lat' dir='ltr'><strong>aliis</strong></span> <span class='ocrx_word' id='word_1_98' title='bbox 516 2405 598 2470; x_wconf 87' lang='lat' dir='ltr'><strong>male</strong></span> <span class='ocrx_word' id='word_1_99' title='bbox 620 2404 770 2470; x_wconf 87' lang='lat' dir='ltr'><strong>creditur.</strong></span> <span class='ocrx_word' id='word_1_100' title='bbox 794 2405 849 2470; x_wconf 90' lang='lat' dir='ltr'><strong>ille</strong></span> <span class='ocrx_word' id='word_1_101' title='bbox 872 2407 1009 2471; x_wconf 89' lang='lat' dir='ltr'><strong>salubris</strong></span> 
     </span>
     <span class='ocr_line' id='line_1_16' title="bbox 189 2537 971 2626; baseline 0.004 -26"><span class='ocrx_word' id='word_1_102' title='bbox 189 2538 326 2605; x_wconf 79' lang='lat' dir='ltr'><strong>AEstates</strong></span> <span class='ocrx_word' id='word_1_103' title='bbox 348 2549 490 2626; x_wconf 86' lang='lat' dir='ltr'><strong>peraget,</strong></span> <span class='ocrx_word' id='word_1_104' title='bbox 513 2538 572 2624; x_wconf 92' lang='lat' dir='ltr'><strong>qui</strong></span> <span class='ocrx_word' id='word_1_105' title='bbox 594 2537 694 2625; x_wconf 88' lang='lat' dir='ltr'><strong>nigris</strong></span> <span class='ocrx_word' id='word_1_106' title='bbox 716 2537 853 2624; x_wconf 87' lang='lat' dir='ltr'><strong>prandia</strong></span> <span class='ocrx_word' id='word_1_107' title='bbox 874 2538 971 2604; x_wconf 88' lang='lat' dir='ltr'><strong>moris</strong></span> 
     </span>
     <span class='ocr_line' id='line_1_17' title="bbox 189 2667 1047 2757; baseline 0.007 -27"><span class='ocrx_word' id='word_1_108' title='bbox 189 2668 301 2747; x_wconf 83' lang='lat' dir='ltr'><strong>Finiet,</strong></span> <span class='ocrx_word' id='word_1_109' title='bbox 325 2680 398 2734; x_wconf 89' lang='lat' dir='ltr'><strong>ante</strong></span> <span class='ocrx_word' id='word_1_110' title='bbox 420 2691 550 2757; x_wconf 83' lang='lat' dir='ltr'><strong>gravem</strong></span> <span class='ocrx_word' id='word_1_111' title='bbox 573 2691 648 2755; x_wconf 78' lang='lat' dir='ltr'><strong>quae</strong></span> <span class='ocrx_word' id='word_1_112' title='bbox 669 2667 782 2756; x_wconf 86' lang='lat' dir='ltr'><strong>legerit</strong></span> <span class='ocrx_word' id='word_1_113' title='bbox 806 2669 919 2734; x_wconf 87' lang='lat' dir='ltr'><strong>arbore</strong></span> <span class='ocrx_word' id='word_1_114' title='bbox 942 2671 1047 2736; x_wconf 90' lang='lat' dir='ltr'><strong>solem.</strong></span> 
     </span>
     <span class='ocr_line' id='line_1_18' title="bbox 188 2800 893 2902; baseline -0.001 -37"><span class='ocrx_word' id='word_1_115' title='bbox 188 2800 331 2866; x_wconf 81' lang='lat' dir='ltr'><strong>Aufidius</strong></span> <span class='ocrx_word' id='word_1_116' title='bbox 353 2801 430 2902; x_wconf 75' lang='lat' dir='ltr'><strong>forti</strong></span> <span class='ocrx_word' id='word_1_117' title='bbox 452 2802 603 2866; x_wconf 89' lang='lat' dir='ltr'><strong>miscebat</strong></span> <span class='ocrx_word' id='word_1_118' title='bbox 626 2801 721 2865; x_wconf 92' lang='lat' dir='ltr'><strong>mella</strong></span> <span class='ocrx_word' id='word_1_119' title='bbox 744 2800 893 2880; x_wconf 85' lang='lat' dir='ltr'><strong>Falerno,</strong></span> 
     </span>
    </p>

    <p class='ocr_par' dir='ltr' id='par_1_8' title="bbox 143 2931 982 3417">
     <span class='ocr_line' id='line_1_19' title="bbox 143 2931 982 3019; baseline 0.002 -23"><span class='ocrx_word' id='word_1_120' title='bbox 143 2935 170 2988; x_wconf 77' lang='lat'><strong>25</strong></span> <span class='ocrx_word' id='word_1_121' title='bbox 189 2931 357 2998; x_wconf 90' lang='lat' dir='ltr'><strong>Mendose:</strong></span> <span class='ocrx_word' id='word_1_122' title='bbox 382 2932 533 3019; x_wconf 90' lang='lat' dir='ltr'><strong>quoniam</strong></span> <span class='ocrx_word' id='word_1_123' title='bbox 556 2932 664 2997; x_wconf 90' lang='lat' dir='ltr'><strong>vacuis</strong></span> <span class='ocrx_word' id='word_1_124' title='bbox 687 2932 873 2997; x_wconf 85' lang='lat' dir='ltr'><strong>conmittere</strong></span> <span class='ocrx_word' id='word_1_125' title='bbox 895 2935 982 2998; x_wconf 87' lang='lat' dir='ltr'><strong>venis</strong></span> 
     </span>
     <span class='ocr_line' id='line_1_20' title="bbox 188 3027 949 3152; baseline 0.003 -26"><span class='ocrx_word' id='word_1_126' title='bbox 188 3062 237 3127; x_wconf 93' lang='lat' dir='ltr'><strong>Nil</strong></span> <span class='ocrx_word' id='word_1_127' title='bbox 259 3063 323 3127; x_wconf 90' lang='lat' dir='ltr'><strong>nisi</strong></span> <span class='ocrx_word' id='word_1_128' title='bbox 345 3064 415 3127; x_wconf 91' lang='lat' dir='ltr'><strong>lene</strong></span> <span class='ocrx_word' id='word_1_129' title='bbox 437 3063 536 3128; x_wconf 89' lang='lat' dir='ltr'><strong>decet.</strong></span> <span class='ocrx_word' id='word_1_130' title='bbox 560 3064 624 3129; x_wconf 89' lang='lat' dir='ltr'><strong>leni</strong></span> <span class='ocrx_word' id='word_1_131' title='bbox 646 3027 823 3152; x_wconf 84' lang='lat' dir='ltr'><strong>praecordiu</strong></span> <span class='ocrx_word' id='word_1_132' title='bbox 845 3065 949 3128; x_wconf 92' lang='lat' dir='ltr'><strong>mulso</strong></span> 
     </span>
     <span class='ocr_line' id='line_1_21' title="bbox 186 3194 978 3270; baseline 0.004 -13"><span class='ocrx_word' id='word_1_133' title='bbox 186 3194 344 3260; x_wconf 85' lang='lat' dir='ltr'><strong>Prolueris</strong></span> <span class='ocrx_word' id='word_1_134' title='bbox 367 3196 489 3260; x_wconf 88' lang='lat' dir='ltr'><strong>melius.</strong></span> <span class='ocrx_word' id='word_1_135' title='bbox 514 3196 540 3260; x_wconf 90' lang='lat' dir='ltr'><strong>si</strong></span> <span class='ocrx_word' id='word_1_136' title='bbox 563 3195 646 3261; x_wconf 88' lang='lat' dir='ltr'><strong>dura</strong></span> <span class='ocrx_word' id='word_1_137' title='bbox 667 3194 844 3259; x_wconf 85' lang='lat' dir='ltr'><strong>morabitur</strong></span> <span class='ocrx_word' id='word_1_138' title='bbox 866 3196 978 3270; x_wconf 80' lang='lat' dir='ltr'><strong>alvus3</strong></span> 
     </span>
     <span class='ocr_line' id='line_1_22' title="bbox 187 3328 968 3417; baseline 0.001 -25"><span class='ocrx_word' id='word_1_139' title='bbox 187 3328 324 3395; x_wconf 89' lang='lat' dir='ltr'><strong>Mitulus</strong></span> <span class='ocrx_word' id='word_1_140' title='bbox 346 3340 378 3394; x_wconf 85' lang='lat' dir='ltr'><strong>et</strong></span> <span class='ocrx_word' id='word_1_141' title='bbox 401 3330 481 3394; x_wconf 85' lang='lat' dir='ltr'><strong>viles</strong></span> <span class='ocrx_word' id='word_1_142' title='bbox 503 3329 623 3417; x_wconf 91' lang='lat' dir='ltr'><strong>pellent</strong></span> <span class='ocrx_word' id='word_1_143' title='bbox 646 3329 807 3394; x_wconf 89' lang='lat' dir='ltr'><strong>obstantia</strong></span> <span class='ocrx_word' id='word_1_144' title='bbox 828 3329 968 3408; x_wconf 77' lang='lat' dir='ltr'><strong>conchae,</strong></span> 
     </span>
    </p>

    <p class='ocr_par' dir='ltr' id='par_1_9' title="bbox 137 3460 1095 3684">
     <span class='ocr_line' id='line_1_23' title="bbox 186 3460 1095 3550; baseline -0.001 -24"><span class='ocrx_word' id='word_1_145' title='bbox 186 3460 225 3527; x_wconf 83' lang='lat' dir='ltr'><strong>Et</strong></span> <span class='ocrx_word' id='word_1_146' title='bbox 248 3463 373 3550; x_wconf 83' lang='lat' dir='ltr'><strong>lapathi</strong></span> <span class='ocrx_word' id='word_1_147' title='bbox 394 3463 500 3527; x_wconf 89' lang='lat' dir='ltr'><strong>brevis</strong></span> <span class='ocrx_word' id='word_1_148' title='bbox 522 3462 641 3538; x_wconf 88' lang='lat' dir='ltr'><strong>herba;</strong></span> <span class='ocrx_word' id='word_1_149' title='bbox 667 3462 723 3528; x_wconf 92' lang='lat' dir='ltr'><strong>sed</strong></span> <span class='ocrx_word' id='word_1_150' title='bbox 744 3461 818 3526; x_wconf 85' lang='lat' dir='ltr'><strong>albo</strong></span> <span class='ocrx_word' id='word_1_151' title='bbox 840 3484 905 3526; x_wconf 90' lang='lat' dir='ltr'><strong>non</strong></span> <span class='ocrx_word' id='word_1_152' title='bbox 928 3462 995 3526; x_wconf 89' lang='lat' dir='ltr'><strong>sine</strong></span> <span class='ocrx_word' id='word_1_153' title='bbox 1018 3464 1095 3528; x_wconf 90' lang='lat' dir='ltr'><strong>Coo.</strong></span> 
     </span>
     <span class='ocr_line' id='line_1_24' title="bbox 137 3591 963 3684; baseline 0 -27"><span class='ocrx_word' id='word_1_154' title='bbox 137 3591 167 3646; x_wconf 75' lang='lat'><strong>3⁰</strong></span> <span class='ocrx_word' id='word_1_155' title='bbox 186 3591 325 3660; x_wconf 83' lang='lat' dir='ltr'><strong>Lubrica</strong></span> <span class='ocrx_word' id='word_1_156' title='bbox 346 3608 508 3660; x_wconf 85' lang='lat' dir='ltr'><strong>nascentes</strong></span> <span class='ocrx_word' id='word_1_157' title='bbox 530 3596 654 3684; x_wconf 86' lang='lat' dir='ltr'><strong>inplent</strong></span> <span class='ocrx_word' id='word_1_158' title='bbox 678 3594 844 3683; x_wconf 84' lang='lat' dir='ltr'><strong>conchylia</strong></span> <span class='ocrx_word' id='word_1_159' title='bbox 866 3596 963 3660; x_wconf 83' lang='lat' dir='ltr'><strong>lunae.</strong></span> 
     </span>
    </p>

    <p class='ocr_par' dir='ltr' id='par_1_10' title="bbox 186 3727 1056 3816">
     <span class='ocr_line' id='line_1_25' title="bbox 186 3727 1056 3816; baseline -0.002 -22"><span class='ocrx_word' id='word_1_160' title='bbox 186 3727 244 3794; x_wconf 89' lang='lat' dir='ltr'><strong>Sed</strong></span> <span class='ocrx_word' id='word_1_161' title='bbox 267 3752 332 3793; x_wconf 93' lang='lat' dir='ltr'><strong>non</strong></span> <span class='ocrx_word' id='word_1_162' title='bbox 355 3751 447 3794; x_wconf 93' lang='lat' dir='ltr'><strong>omne</strong></span> <span class='ocrx_word' id='word_1_163' title='bbox 470 3742 625 3794; x_wconf 78' lang='lat' dir='ltr'><strong>marceat</strong></span> <span class='ocrx_word' id='word_1_164' title='bbox 647 3753 808 3816; x_wconf 73' lang='lat' dir='ltr'><strong>generosae</strong></span> <span class='ocrx_word' id='word_1_165' title='bbox 830 3730 935 3796; x_wconf 85' lang='lat' dir='ltr'><strong>fertile</strong></span> <span class='ocrx_word' id='word_1_166' title='bbox 957 3740 1056 3794; x_wconf 87' lang='lat' dir='ltr'><strong>testae.</strong></span> 
     </span>
    </p>

    <p class='ocr_par' dir='ltr' id='par_1_11' title="bbox 186 3861 911 3950">
     <span class='ocr_line' id='line_1_26' title="bbox 186 3861 911 3950; baseline 0 -24"><span class='ocrx_word' id='word_1_167' title='bbox 186 3861 309 3927; x_wconf 90' lang='lat' dir='ltr'><strong>Murice</strong></span> <span class='ocrx_word' id='word_1_168' title='bbox 333 3861 454 3926; x_wconf 91' lang='lat' dir='ltr'><strong>Baiano</strong></span> <span class='ocrx_word' id='word_1_169' title='bbox 476 3862 588 3927; x_wconf 90' lang='lat' dir='ltr'><strong>melior</strong></span> <span class='ocrx_word' id='word_1_170' title='bbox 608 3863 755 3928; x_wconf 86' lang='lat' dir='ltr'><strong>Lucrina</strong></span> <span class='ocrx_word' id='word_1_171' title='bbox 775 3863 911 3950; x_wconf 90' lang='lat' dir='ltr'><strong>peloris:</strong></span> 
     </span>
    </p>

    <p class='ocr_par' dir='ltr' id='par_1_12' title="bbox 178 3959 1003 4072">
     <span class='ocr_line' id='line_1_27' title="bbox 178 3959 1003 4072; baseline 0.001 -17"><span class='ocrx_word' id='word_1_172' title='bbox 178 3992 296 4059; x_wconf 81' lang='lat' dir='ltr'><strong>Ostrea</strong></span> <span class='ocrx_word' id='word_1_173' title='bbox 319 3992 461 4072; x_wconf 85' lang='lat' dir='ltr'><strong>Circaeis,</strong></span> <span class='ocrx_word' id='word_1_174' title='bbox 486 3993 613 4058; x_wconf 89' lang='lat' dir='ltr'><strong>Miseno</strong></span> <span class='ocrx_word' id='word_1_175' title='bbox 635 3995 785 4058; x_wconf 89' lang='lat' dir='ltr'><strong>oriuntur</strong></span> <span class='ocrx_word' id='word_1_176' title='bbox 807 3992 929 4058; x_wconf 90' lang='lat' dir='ltr'><strong>echini:</strong></span> <span class='ocrx_word' id='word_1_177' title='bbox 999 3959 1003 3971; x_wconf 28' lang='grc' dir='ltr'>ι</span> 
     </span>
    </p>

    <p class='ocr_par' dir='ltr' id='par_1_13' title="bbox 183 4124 1022 4212">
     <span class='ocr_line' id='line_1_28' title="bbox 183 4124 1022 4212; baseline -0.001 -23"><span class='ocrx_word' id='word_1_178' title='bbox 183 4124 371 4189; x_wconf 89' lang='lat' dir='ltr'><strong>Pectinibus</strong></span> <span class='ocrx_word' id='word_1_179' title='bbox 391 4124 512 4212; x_wconf 88' lang='lat' dir='ltr'><strong>patulis</strong></span> <span class='ocrx_word' id='word_1_180' title='bbox 531 4125 633 4212; x_wconf 89' lang='lat' dir='ltr'><strong>jactat</strong></span> <span class='ocrx_word' id='word_1_181' title='bbox 656 4149 689 4190; x_wconf 91' lang='lat' dir='ltr'><strong>se</strong></span> <span class='ocrx_word' id='word_1_182' title='bbox 712 4125 807 4190; x_wconf 91' lang='lat' dir='ltr'><strong>molle</strong></span> <span class='ocrx_word' id='word_1_183' title='bbox 831 4125 1022 4201; x_wconf 63' lang='lat' dir='ltr'><strong>Tarentum,</strong></span> 
     </span>
    </p>
   </div>
   <div class='ocr_carea' id='block_1_3' title="bbox 136 4255 1058 4344">
    <p class='ocr_par' dir='ltr' id='par_1_14' title="bbox 136 4255 1058 4344">
     <span class='ocr_line' id='line_1_29' title="bbox 136 4255 1058 4344; baseline 0.005 -30"><span class='ocrx_word' id='word_1_184' title='bbox 136 4257 163 4314; x_wconf 80' lang='grc'><strong>85</strong></span> <span class='ocrx_word' id='word_1_185' title='bbox 183 4255 246 4321; x_wconf 93' lang='lat' dir='ltr'><strong>Nec</strong></span> <span class='ocrx_word' id='word_1_186' title='bbox 271 4256 332 4321; x_wconf 90' lang='lat' dir='ltr'><strong>sibi</strong></span> <span class='ocrx_word' id='word_1_187' title='bbox 355 4278 504 4319; x_wconf 89' lang='lat' dir='ltr'><strong>cenarum</strong></span> <span class='ocrx_word' id='word_1_188' title='bbox 528 4256 635 4341; x_wconf 87' lang='lat' dir='ltr'><strong>quivis</strong></span> <span class='ocrx_word' id='word_1_189' title='bbox 658 4268 774 4321; x_wconf 91' lang='lat' dir='ltr'><strong>temere</strong></span> <span class='ocrx_word' id='word_1_190' title='bbox 797 4266 923 4344; x_wconf 86' lang='lat' dir='ltr'><strong>arroget</strong></span> <span class='ocrx_word' id='word_1_191' title='bbox 946 4267 1058 4335; x_wconf 89' lang='lat' dir='ltr'><strong>artem,</strong></span> 
     </span>
    </p>
   </div>
   <div class='ocr_carea' id='block_1_4' title="bbox 250 4430 1120 4490">
    <p class='ocr_par' dir='ltr' id='par_1_15' title="bbox 250 4430 1120 4490">
     <span class='ocr_line' id='line_1_30' title="bbox 250 4430 1120 4490; baseline 0.001 -11"><span class='ocrx_word' id='word_1_192' title='bbox 250 4448 275 4480; x_wconf 86' lang='lat' dir='ltr'><strong>v.</strong></span> <span class='ocrx_word' id='word_1_193' title='bbox 287 4432 323 4480; x_wconf 86' lang='lat'><strong>10.</strong></span> <span class='ocrx_word' id='word_1_194' title='bbox 339 4430 414 4490; x_wconf 76' lang='lat' dir='ltr'><strong>Vulg.</strong></span> <span class='ocrx_word' id='word_1_195' title='bbox 430 4430 470 4479; x_wconf 76' lang='lat' dir='ltr'><strong>As</strong></span> <span class='ocrx_word' id='word_1_196' title='bbox 482 4431 553 4480; x_wconf 86' lang='lat' dir='ltr'><strong>Rom.</strong></span> <span class='ocrx_word' id='word_1_197' title='bbox 700 4431 736 4480; x_wconf 80' lang='lat'><strong>1³.</strong></span> <span class='ocrx_word' id='word_1_198' title='bbox 752 4430 831 4480; x_wconf 78' lang='lat' dir='ltr'><strong>Anas.</strong></span> <span class='ocrx_word' id='word_1_199' title='bbox 978 4432 1014 4481; x_wconf 85' lang='lat'><strong>19.</strong></span> <span class='ocrx_word' id='word_1_200' title='bbox 1030 4432 1120 4480; x_wconf 80' lang='lat' dir='ltr'><strong>Mrsro.</strong></span> 
     </span>
    </p>
   </div>
   <div class='ocr_carea' id='block_1_5' title="bbox 0 0 1426 5130">
    <p class='ocr_par' dir='ltr' id='par_1_16' title="bbox 0 0 1426 5130">
     <span class='ocr_line' id='line_1_31' title="bbox 0 0 1426 5130; baseline 0 2"><span class='ocrx_word' id='word_1_201' title='bbox 0 0 1426 5130; x_wconf 95' lang='lat' dir='ltr'><strong> </strong></span> 
     </span>
    </p>
   </div>
  </div>
 </body>
</html>
