2844 5130
462 412 814 478 EPISTOLARUM
829 413 832 417 ’
845 412 924 477 er.
942 414 970 479 Ι.
994 426 1023 477 2.

251 609 313 687 Quo
336 611 433 676 semel
454 623 503 678 est
525 613 640 678 inbuta
661 635 781 692 recens,
805 613 944 681 servabit
965 612 1095 679 odorem

208 743 234 801 70
251 741 432 818 Τεεῑα,ἀίιι.
456 746 545 834 quod
569 746 596 811 si
618 770 732 825 cessas,
755 758 813 813 aut
836 758 986 813 strenuus
1008 745 1138 820 antcis;'
1167 797 1170 801 <

248 875 308 944 Nec
329 880 460 945 tardum
482 879 643 968 opperior,
667 903 725 946 nec
747 879 1001 968 praecedentibus
1017 880 1117 971 insto.

577 1296 819 1361 EPISTOLA
846 1300 907 1361 111.

521 1508 572 1556 An
608 1508 760 1558 JULIUM
796 1508 968 1558 FLORUM.

245 1659 331 1747 Jnnr
354 1680 462 1762 Flore,
486 1680 605 1768 quibus
628 1691 786 1746 terrarum
808 1680 925 1747 militet
945 1681 1010 1747 oris
1074 1723 1077 1728 -

244 1809 400 1878 Claudius
422 1812 564 1900 Augusti
585 1812 765 1901 privignus,
789 1814 870 1878 scire
890 1812 1011 1878 laboro.
1273 1879 1276 1887 ,

239 1937 411 2012 Thracane
432 1969 491 2013 vos
513 1946 710 2033 Hebrusque
731 1945 830 2010 nivali
853 1945 1005 2034 compede
1026 1946 1173 2018 vinctum

230 2073 292 2144 An
316 2077 401 2144 freta
422 2077 542 2144 vicinas
563 2078 648 2144 inter
670 2079 831 2145 currentia
852 2048 972 2154 terram

139 2185 183 2237 ²5
226 2207 292 2275 An
317 2210 454 2299 pingues
477 2210 562 2277 Asiae
584 2211 689 2297 campi
711 2211 872 2298 collesque
894 2213 1084 2276 morantur?

217 2343 331 2425 Quid
353 2343 497 2410 studiosa
516 2343 630 2409 cohors
651 2367 786 2434 operum
809 2344 929 2410 struit?
962 2343 1024 2411 hoo
1046 2366 1176 2433 quoque
1198 2366 1283 2408 curo.

218 2475 324 2556 Quis
346 2474 408 2541 sibi
429 2498 480 2541 res
501 2486 607 2564 gestas
629 2476 770 2566 Augusti
794 2476 930 2542 scribere
953 2476 1074 2542 sumit?

227 2605 336 2675 Bella
357 2608 431 2697 quis
452 2621 485 2676 et
506 2632 601 2699 paces
622 2610 756 2697 longum
778 2609 932 2676 diffundit
953 2610 989 2675 in
1011 2614 1142 2677 aevum?

239 2742 332 2822 Quid
355 2741 477 2822 Titius,
502 2744 649 2808 Romana
670 2743 761 2808 brevi
783 2753 940 2808 venturus
960 2743 995 2807 in
1017 2747 1098 2808 ora?

46 2813 81 2870 ι
96 2838 170 2898 Q
243 2873 407 2940 Pindarici
428 2873 527 2940 fontis
549 2875 607 2961 qui
629 2898 695 2939 non
718 2875 877 2963 expalluit
898 2875 1045 2952 haustus,

244 3005 406 3072 Fastidire
425 3007 516 3073 lacus
538 3018 571 3072 et
592 3007 680 3072 rivos
701 3030 799 3072 ausus
821 3017 969 3095 apertos:

244 3138 293 3204 Ut
314 3139 425 3205 valet?
457 3151 495 3206 ut
518 3141 661 3205 meminit
684 3140 809 3206 nostri?
842 3140 1002 3206 fidibusne
1024 3138 1152 3204 Latinis

245 3271 419 3338 Thebanos
439 3283 551 3361 aptare
573 3271 684 3338 modos
708 3273 828 3351 studet,
851 3271 983 3360 auspice
1004 3273 1128 3337 Musa?

244 3403 297 3471 An
317 3403 442 3492 tragica
462 3404 595 3470 desaevit
616 3417 649 3470 et
672 3405 870 3493 ampullatur
891 3405 933 3469 in.
949 3407 1044 3470 arte?

88 3486 137 3553 ι
158 3524 224 3589 Q
246 3535 333 3615 Quid
354 3534 435 3601 mihi
457 3537 572 3603 Celsus
594 3536 686 3626 agit?
717 3537 870 3631 monitus,
892 3536 1099 3624 multumque
1120 3533 1307 3612 monendus,

245 3666 393 3734 Privatus
414 3679 453 3734 ut
476 3679 601 3758 quaerat
622 3692 712 3757 opes,
735 3680 768 3734 et
790 3681 921 3758 tangere
944 3669 1024 3734 vitet

245 3798 383 3888 Scripta,
406 3800 576 3866 Palatinus
598 3806 811 3890 quaecumque
832 3802 953 3890 recepit
976 3800 1110 3889 Apollo:

244 3930 308 4010 Ne,
328 3930 356 3996 ai
378 3931 463 3998 forte
485 3955 559 3996 suas
580 3934 753 4021 repetitum
775 3934 898 3999 venerit
919 3933 996 3998 olim

246 4062 337 4130 Grex
357 4064 468 4130 avium
490 4065 629 4153 plumas,
651 4077 777 4131 moveat
800 4064 962 4131 cornicula
981 4063 1084 4128 risum
1118 4121 1121 4127 .

169 4197 224 4256 Qu
245 4194 391 4263 Furtivis
412 4196 536 4262 nudata
558 4197 726 4262 coloribus.
751 4199 819 4286 ipse
842 4196 921 4285 quid
944 4196 1086 4262 audes?'
1157 4253 1161 4259 .
1242 4222 1245 4228 ·

458 4389 482 4420 v.
493 4373 515 4419 4.
532 4373 606 4432 i'uig.
622 4374 731 4421 Tonnrs.
934 4374 957 4420 6.
975 4373 1042 4422 Hir.
