2844 5130
438 494 707 569 CARMINUM
740 494 818 559 Lrn.
837 495 886 561 ΙΙ.
910 525 913 530 ·

293 695 368 757 Jam
391 714 475 757 nunc
499 693 613 756 minaci
637 714 800 757 murmure
824 715 980 758 cornuum

293 824 487 912 Perstringis
510 825 614 888 auris:
634 824 703 912 jam
726 824 799 889 litui
824 837 989 914 strepunt:

337 958 413 1020 Jam
437 956 546 1045 fulgor
569 956 878 1055 armorumgfugacis
934 1049 936 1055 Α

236 1097 270 1149 20
383 1090 500 1152 Terret
523 1111 633 1174 equos
658 1088 870 1175 equitumque
893 1089 1009 1154 voltus.

294 1219 410 1284 Videre
432 1243 564 1308 magnos
582 1222 651 1308 jam
675 1219 784 1286 videor
807 1220 905 1285 duces

294 1353 369 1417 Non
391 1353 540 1418 indecoro
563 1354 697 1441 pulvere
720 1352 875 1432 sordidos,

338 1487 385 1550 Et
408 1497 702 1560 cunctaterrarum
726 1487 869 1564 subacta,

385 1616 508 1682 Praeter
531 1628 669 1683 atrocem
691 1619 832 1683 animum
857 1618 998 1683 Catonis.

235 1757 270 1810 25
294 1749 316 1810 J
320 1770 384 1812 uno
406 1762 438 1813 et
462 1749 606 1815 Deorum
629 1751 776 1838 quisquis
800 1751 929 1815 amicior

294 1878 392 1957 Afris,
415 1880 519 1946 inulta
541 1892 675 1947 cesserat
698 1883 846 1969 inpotens

341 2013 486 2091 Tellure,
510 2015 668 2080 victorum
691 2026 821 2101 nepotes

385 2145 528 2211 Rettulit
542 2146 680 2226 inferias
704 2150 726 2211 J
729 2147 888 2236 ugurthae.

297 2277 379 2355 Quis
400 2301 465 2341 non
489 2279 607 2344 Latino
631 2281 786 2367 sanguine
808 2279 960 2368 pinguior

235 2420 272 2471 3ο
298 2384 440 2497 Campus
464 2411 617 2498 sepulcris
633 2412 727 2499 'inpia
741 2403 864 2499 proelia
895 2444 900 2465 s
950 2471 955 2478 .

344 2542 510 2621 Testatur,
535 2543 746 2629 auditumque
771 2543 879 2608 Medis
948 2587 957 2616 .

386 2674 553 2759 Hesperiae
578 2675 715 2740 sonitum
739 2674 863 2739 ruinae?

296 2805 360 2883 Qui
383 2828 512 2892 gurges,
537 2817 594 2870 aut
617 2819 691 2892 quae
714 2805 847 2870 flumina
870 2805 1018 2893 lugubris

297 2938 420 3024 Ignara
436 2938 536 3002 belli?
552 2926 553 2930 ¹
567 2901 666 3024 quod.
679 2961 764 3008 mare
787 2937 926 3006 Dauniae
984 2982 985 2985 =

234 3080 270 3132 35
342 3070 416 3133 Non
439 3069 659 3134 decoloravere
682 3069 808 3139 cedes?

387 3202 467 3279 Quae
490 3214 576 3266 caret
599 3225 656 3270 ora
677 3224 789 3265 cruore
811 3205 943 3294 nostro?

297 3332 360 3397 Sed
382 3355 423 3398 ne
445 3333 575 3410 relictis,
600 3335 699 3406 Musa
720 3355 856 3420 procax,
872 3333 964 3419 jocis,

296 3466 371 3530 Ceae
393 3477 546 3531 retractes
568 3488 701 3535 munera
722 3465 852 3558 naeniae:

343 3599 474 3663 Mecum
498 3598 632 3687 Dionaeo
656 3597 716 3688 sub
739 3611 832 3667 antro

146 3770 154 3778 ·
235 3742 272 3793 40
387 3733 502 3810 Quaere
525 3730 635 3794 modos
658 3730 775 3795 leviore
798 3721 928 3820 plectro.

520 3940 544 3971 v.
554 3924 591 3970 21.
609 3922 681 3981 vulg.
695 3899 822 3972 'Aonian'
