<?xml version="1.0" encoding="UTF-8"?>
<!DOCTYPE html PUBLIC "-//W3C//DTD XHTML 1.0 Transitional//EN"
    "http://www.w3.org/TR/xhtml1/DTD/xhtml1-transitional.dtd">
<html xmlns="http://www.w3.org/1999/xhtml" xml:lang="en" lang="en">
 <head>
  <title>
</title>
<meta http-equiv="Content-Type" content="text/html;charset=utf-8" />
  <meta name='ocr-system' content='tesseract 3.04.00' />
  <meta name='ocr-capabilities' content='ocr_page ocr_carea ocr_par ocr_line ocrx_word'/>
</head>
<body>
  <div class='ocr_page' id='page_1' title='image "./horatiusrestitu00flacgoog_0322.png"; bbox 0 0 2844 5130; ppageno 0'>
   <div class='ocr_carea' id='block_1_1' title="bbox 136 382 210 450">
    <p class='ocr_par' dir='ltr' id='par_1_1' title="bbox 136 382 210 450">
     <span class='ocr_line' id='line_1_1' title="bbox 136 382 210 450; baseline 0 -1"><span class='ocrx_word' id='word_1_1' title='bbox 136 382 210 450; x_wconf 74' lang='lat'><strong>208·</strong></span> 
     </span>
    </p>
   </div>
   <div class='ocr_carea' id='block_1_2' title="bbox 489 384 975 464">
    <p class='ocr_par' dir='ltr' id='par_1_2' title="bbox 489 384 975 464">
     <span class='ocr_line' id='line_1_2' title="bbox 489 384 975 464; baseline -0.006 -14"><span class='ocrx_word' id='word_1_2' title='bbox 489 386 528 464; x_wconf 82' lang='lat' dir='ltr'>Q.</span> <span class='ocrx_word' id='word_1_3' title='bbox 553 385 766 450; x_wconf 85' lang='lat' dir='ltr'><strong>HORATII</strong></span> <span class='ocrx_word' id='word_1_4' title='bbox 799 384 975 450; x_wconf 88' lang='lat' dir='ltr'><strong>FL&#39;ACCI</strong></span> 
     </span>
    </p>
   </div>
   <div class='ocr_carea' id='block_1_3' title="bbox 321 585 1206 1194">
    <p class='ocr_par' dir='ltr' id='par_1_3' title="bbox 321 585 1206 1194">
     <span class='ocr_line' id='line_1_3' title="bbox 382 585 840 694; baseline 0.002 -45"><span class='ocrx_word' id='word_1_5' title='bbox 382 586 478 649; x_wconf 85' lang='lat' dir='ltr'>Tu</span> <span class='ocrx_word' id='word_1_6' title='bbox 462 585 563 650; x_wconf 80' lang='lat' dir='ltr'>curve</span> <span class='ocrx_word' id='word_1_7' title='bbox 583 585 705 650; x_wconf 83' lang='lat' dir='ltr'>recines</span> <span class='ocrx_word' id='word_1_8' title='bbox 727 585 840 694; x_wconf 80' lang='lat' dir='ltr'>lyra</span> 
     </span>
     <span class='ocr_line' id='line_1_4' title="bbox 427 659 1131 806; baseline -0.003 -24"><span class='ocrx_word' id='word_1_9' title='bbox 427 717 599 796; x_wconf 77' lang='lat' dir='ltr'><strong>Latonam,</strong></span> <span class='ocrx_word' id='word_1_10' title='bbox 623 729 656 784; x_wconf 90' lang='lat' dir='ltr'>et</span> <span class='ocrx_word' id='word_1_11' title='bbox 678 717 788 785; x_wconf 85' lang='lat' dir='ltr'>celeris</span> <span class='ocrx_word' id='word_1_12' title='bbox 811 717 936 806; x_wconf 85' lang='lat' dir='ltr'>spicula</span> <span class='ocrx_word' id='word_1_13' title='bbox 959 659 1131 805; x_wconf 80' lang='lat' dir='ltr'>Cynthiae:</span> 
     </span>
     <span class='ocr_line' id='line_1_5' title="bbox 383 849 940 938; baseline 0.004 -24"><span class='ocrx_word' id='word_1_14' title='bbox 383 850 515 915; x_wconf 76' lang='lat' dir='ltr'>Summe</span> <span class='ocrx_word' id='word_1_15' title='bbox 537 850 689 931; x_wconf 84' lang='lat' dir='ltr'>carmine,</span> <span class='ocrx_word' id='word_1_16' title='bbox 713 873 787 938; x_wconf 88' lang='lat' dir='ltr'>quae</span> <span class='ocrx_word' id='word_1_17' title='bbox 812 849 940 917; x_wconf 87' lang='lat' dir='ltr'>Cnidon</span> 
     </span>
     <span class='ocr_line' id='line_1_6' title="bbox 428 981 1206 1079; baseline 0 -32"><span class='ocrx_word' id='word_1_18' title='bbox 428 981 664 1071; x_wconf 82' lang='lat' dir='ltr'>Fulgentisque</span> <span class='ocrx_word' id='word_1_19' title='bbox 684 985 773 1079; x_wconf 68' lang='lat' dir='ltr'>&#39;tenet</span> <span class='ocrx_word' id='word_1_20' title='bbox 799 983 970 1073; x_wconf 81' lang='lat' dir='ltr'>Cyclades,</span> <span class='ocrx_word' id='word_1_21' title='bbox 994 996 1027 1049; x_wconf 90' lang='lat' dir='ltr'>et</span> <span class='ocrx_word' id='word_1_22' title='bbox 1052 982 1206 1071; x_wconf 82' lang='lat' dir='ltr'>Paphum</span> 
     </span>
     <span class='ocr_line' id='line_1_7' title="bbox 321 1113 787 1194; baseline 0.009 -17"><span class='ocrx_word' id='word_1_23' title='bbox 321 1126 356 1178; x_wconf 86' lang='lat'>15</span> <span class='ocrx_word' id='word_1_24' title='bbox 379 1114 404 1178; x_wconf 89' lang='lat' dir='ltr'><strong>J</strong></span> <span class='ocrx_word' id='word_1_25' title='bbox 406 1113 512 1180; x_wconf 86' lang='lat' dir='ltr'>unctis</span> <span class='ocrx_word' id='word_1_26' title='bbox 534 1113 610 1181; x_wconf 86' lang='lat' dir='ltr'>visit</span> <span class='ocrx_word' id='word_1_27' title='bbox 633 1114 787 1194; x_wconf 75' lang='lat' dir='ltr'>oleribus,</span> 
     </span>
    </p>
   </div>
   <div class='ocr_carea' id='block_1_4' title="bbox 428 1245 1173 1336">
    <p class='ocr_par' dir='ltr' id='par_1_4' title="bbox 428 1245 1173 1336">
     <span class='ocr_line' id='line_1_8' title="bbox 428 1245 1173 1336; baseline 0.003 -24"><span class='ocrx_word' id='word_1_28' title='bbox 428 1245 585 1324; x_wconf 81' lang='lat' dir='ltr'>Dicetur3</span> <span class='ocrx_word' id='word_1_29' title='bbox 611 1247 725 1313; x_wconf 82' lang='lat' dir='ltr'>merita</span> <span class='ocrx_word' id='word_1_30' title='bbox 743 1247 824 1314; x_wconf 71' lang='lat' dir='ltr'>&#39;Nox</span> <span class='ocrx_word' id='word_1_31' title='bbox 847 1271 979 1336; x_wconf 89' lang='lat' dir='ltr'>quoque</span> <span class='ocrx_word' id='word_1_32' title='bbox 1002 1247 1117 1314; x_wconf 83' lang='lat' dir='ltr'>naenia.</span> <span class='ocrx_word' id='word_1_33' title='bbox 1170 1256 1173 1263; x_wconf 84' lang='lat'>&#39;</span> 
     </span>
    </p>
   </div>
   <div class='ocr_carea' id='block_1_5' title="bbox 648 1719 891 1836">
    <p class='ocr_par' dir='ltr' id='par_1_5' title="bbox 648 1719 891 1836">
     <span class='ocr_line' id='line_1_9' title="bbox 648 1719 891 1836; baseline 0.004 -2"><span class='ocrx_word' id='word_1_34' title='bbox 648 1761 816 1836; x_wconf 81' lang='lat' dir='ltr'>xxur.</span> <span class='ocrx_word' id='word_1_35' title='bbox 888 1719 891 1724; x_wconf 72' lang='grc'>’</span> 
     </span>
    </p>
   </div>
   <div class='ocr_carea' id='block_1_6' title="bbox 557 1969 967 2046">
    <p class='ocr_par' dir='ltr' id='par_1_6' title="bbox 557 1969 967 2046">
     <span class='ocr_line' id='line_1_10' title="bbox 557 1969 967 2046; baseline 0.005 -3"><span class='ocrx_word' id='word_1_36' title='bbox 557 1993 609 2044; x_wconf 77' lang='lat' dir='ltr'>An</span> <span class='ocrx_word' id='word_1_37' title='bbox 640 1995 912 2046; x_wconf 71' lang='lat' dir='ltr'>unccunrcu.</span> <span class='ocrx_word' id='word_1_38' title='bbox 965 1969 967 1974; x_wconf 76' lang='grc'><strong>’</strong></span> 
     </span>
    </p>
   </div>
   <div class='ocr_carea' id='block_1_7' title="bbox 341 2156 1028 2267">
    <p class='ocr_par' dir='ltr' id='par_1_7' title="bbox 341 2156 1028 2267">
     <span class='ocr_line' id='line_1_11' title="bbox 341 2156 1028 2267; baseline -0.003 -26"><span class='ocrx_word' id='word_1_39' title='bbox 341 2225 344 2241; x_wconf 77' lang='grc'>,</span> <span class='ocrx_word' id='word_1_40' title='bbox 380 2156 592 2241; x_wconf 77' lang='lat' dir='ltr'>Trnnuuun</span> <span class='ocrx_word' id='word_1_41' title='bbox 615 2199 728 2265; x_wconf 84' lang='lat' dir='ltr'>regum</span> <span class='ocrx_word' id='word_1_42' title='bbox 752 2179 933 2267; x_wconf 84' lang='lat' dir='ltr'>progenies,</span> <span class='ocrx_word' id='word_1_43' title='bbox 957 2172 1028 2242; x_wconf 92' lang='lat' dir='ltr'>tibi</span> 
     </span>
    </p>
   </div>
   <div class='ocr_carea' id='block_1_8' title="bbox 380 2309 1023 2385">
    <p class='ocr_par' dir='ltr' id='par_1_8' title="bbox 380 2309 1023 2385">
     <span class='ocr_line' id='line_1_12' title="bbox 380 2309 1023 2385; baseline 0.002 -12"><span class='ocrx_word' id='word_1_44' title='bbox 380 2310 456 2373; x_wconf 92' lang='lat' dir='ltr'>Non</span> <span class='ocrx_word' id='word_1_45' title='bbox 479 2320 553 2374; x_wconf 84' lang='lat' dir='ltr'>ente</span> <span class='ocrx_word' id='word_1_46' title='bbox 576 2332 668 2375; x_wconf 83' lang='lat' dir='ltr'>verso</span> <span class='ocrx_word' id='word_1_47' title='bbox 690 2310 762 2374; x_wconf 91' lang='lat' dir='ltr'>lene</span> <span class='ocrx_word' id='word_1_48' title='bbox 784 2333 908 2375; x_wconf 87' lang='lat' dir='ltr'>merum</span> <span class='ocrx_word' id='word_1_49' title='bbox 931 2309 1023 2385; x_wconf 83' lang='lat' dir='ltr'>cado,</span> 
     </span>
    </p>
   </div>
   <div class='ocr_carea' id='block_1_9' title="bbox 304 2441 1062 2527">
    <p class='ocr_par' dir='ltr' id='par_1_9' title="bbox 304 2441 1062 2527">
     <span class='ocr_line' id='line_1_13' title="bbox 304 2441 1062 2527; baseline 0 -21"><span class='ocrx_word' id='word_1_50' title='bbox 304 2516 306 2523; x_wconf 19' lang='lat' dir='ltr'>y</span> <span class='ocrx_word' id='word_1_51' title='bbox 426 2442 513 2507; x_wconf 92' lang='lat' dir='ltr'>Cum</span> <span class='ocrx_word' id='word_1_52' title='bbox 535 2441 625 2522; x_wconf 85' lang='lat' dir='ltr'>flore,</span> <span class='ocrx_word' id='word_1_53' title='bbox 649 2444 825 2527; x_wconf 63' lang='lat' dir='ltr'>Maecenas,</span> <span class='ocrx_word' id='word_1_54' title='bbox 849 2463 1007 2520; x_wconf 81' lang='lat' dir='ltr'>rosarum,</span> <span class='ocrx_word' id='word_1_55' title='bbox 1029 2453 1062 2506; x_wconf 90' lang='lat' dir='ltr'>et</span> 
     </span>
    </p>
   </div>
   <div class='ocr_carea' id='block_1_10' title="bbox 321 2567 1218 4111">
    <p class='ocr_par' dir='ltr' id='par_1_10' title="bbox 321 2567 1218 4111">
     <span class='ocr_line' id='line_1_14' title="bbox 456 2567 979 2662; baseline 0.004 -25"><span class='ocrx_word' id='word_1_56' title='bbox 456 2575 588 2639; x_wconf 80' lang='lat' dir='ltr'>‚Pressa</span> <span class='ocrx_word' id='word_1_57' title='bbox 609 2573 675 2640; x_wconf 81' lang='lat' dir='ltr'>tuis</span> <span class='ocrx_word' id='word_1_58' title='bbox 687 2567 832 2640; x_wconf 56' lang='lat' dir='ltr'>&#39;balanus</span> <span class='ocrx_word' id='word_1_59' title='bbox 855 2575 979 2662; x_wconf 85' lang='lat' dir='ltr'>capillis</span> 
     </span>
     <span class='ocr_line' id='line_1_15' title="bbox 340 2705 1159 2796; baseline 0.001 -27"><span class='ocrx_word' id='word_1_60' title='bbox 340 2717 357 2769; x_wconf 86' lang='lat'><em>5</em></span> <span class='ocrx_word' id='word_1_61' title='bbox 381 2705 586 2772; x_wconf 64' lang='lat' dir='ltr'>«Iamdudum</span> <span class='ocrx_word' id='word_1_62' title='bbox 608 2707 698 2796; x_wconf 83' lang='lat' dir='ltr'>apud</span> <span class='ocrx_word' id='word_1_63' title='bbox 721 2731 772 2773; x_wconf 91' lang='lat' dir='ltr'>me</span> <span class='ocrx_word' id='word_1_64' title='bbox 794 2719 852 2774; x_wconf 86' lang='lat' dir='ltr'>est.</span> <span class='ocrx_word' id='word_1_65' title='bbox 876 2708 963 2795; x_wconf 90' lang='lat' dir='ltr'>eripe</span> <span class='ocrx_word' id='word_1_66' title='bbox 986 2718 1019 2772; x_wconf 88' lang='lat' dir='ltr'>te</span> <span class='ocrx_word' id='word_1_67' title='bbox 1042 2728 1159 2772; x_wconf 88' lang='lat' dir='ltr'>mcrae:</span> 
     </span>
     <span class='ocr_line' id='line_1_16' title="bbox 381 2803 1148 2929; baseline -0.003 -23"><span class='ocrx_word' id='word_1_68' title='bbox 381 2840 432 2906; x_wconf 92' lang='lat' dir='ltr'>Ne</span> <span class='ocrx_word' id='word_1_69' title='bbox 455 2862 579 2929; x_wconf 82' lang='lat' dir='ltr'>semper</span> <span class='ocrx_word' id='word_1_70' title='bbox 602 2803 706 2910; x_wconf 89' lang='lat' dir='ltr'>udum</span> <span class='ocrx_word' id='word_1_71' title='bbox 731 2840 841 2908; x_wconf 88' lang='lat' dir='ltr'>Tibur</span> <span class='ocrx_word' id='word_1_72' title='bbox 863 2852 896 2906; x_wconf 92' lang='lat' dir='ltr'>et</span> <span class='ocrx_word' id='word_1_73' title='bbox 920 2840 1046 2905; x_wconf 81' lang='lat' dir='ltr'>AEsulae</span> <span class='ocrx_word' id='word_1_74' title='bbox 1146 2847 1148 2851; x_wconf 69' lang='lat'>&#39;</span> 
     </span>
     <span class='ocr_line' id='line_1_17' title="bbox 425 2971 1165 3060; baseline -0.001 -24"><span class='ocrx_word' id='word_1_75' title='bbox 425 2971 560 3039; x_wconf 88' lang='lat' dir='ltr'>Declive</span> <span class='ocrx_word' id='word_1_76' title='bbox 582 2972 807 3060; x_wconf 86' lang='lat' dir='ltr'>contempleris</span> <span class='ocrx_word' id='word_1_77' title='bbox 830 2995 956 3051; x_wconf 82' lang='lat' dir='ltr'>arvum,·</span> <span class='ocrx_word' id='word_1_78' title='bbox 980 2983 1013 3036; x_wconf 87' lang='lat' dir='ltr'>et</span> <span class='ocrx_word' id='word_1_79' title='bbox 1162 3049 1165 3058; x_wconf 22' lang='lat' dir='ltr'>y</span> 
     </span>
     <span class='ocr_line' id='line_1_18' title="bbox 472 3080 1078 3207; baseline 0.002 -39"><span class='ocrx_word' id='word_1_80' title='bbox 472 3104 630 3192; x_wconf 74' lang='lat' dir='ltr'>Telegoni</span> <span class='ocrx_word' id='word_1_81' title='bbox 648 3106 732 3194; x_wconf 73' lang='lat' dir='ltr'>juga</span> <span class='ocrx_word' id='word_1_82' title='bbox 754 3104 932 3207; x_wconf 52' lang='lat' dir='ltr'>parceque.</span> <span class='ocrx_word' id='word_1_83' title='bbox 1075 3080 1078 3088; x_wconf 84' lang='lat'>&#39;</span> 
     </span>
     <span class='ocr_line' id='line_1_19' title="bbox 381 3236 943 3325; baseline -0.002 -24"><span class='ocrx_word' id='word_1_84' title='bbox 381 3236 595 3303; x_wconf 80' lang='lat' dir='ltr'>Fastidiosem</span> <span class='ocrx_word' id='word_1_85' title='bbox 618 3236 728 3302; x_wconf 82' lang='lat' dir='ltr'>desere</span> <span class='ocrx_word' id='word_1_86' title='bbox 751 3237 887 3325; x_wconf 84' lang='lat' dir='ltr'>copiam,</span> <span class='ocrx_word' id='word_1_87' title='bbox 911 3247 943 3301; x_wconf 89' lang='lat' dir='ltr'>et</span> 
     </span>
     <span class='ocr_line' id='line_1_20' title="bbox 321 3366 1060 3456; baseline -0.003 -24"><span class='ocrx_word' id='word_1_88' title='bbox 321 3381 357 3432; x_wconf 88' lang='lat'>10</span> <span class='ocrx_word' id='word_1_89' title='bbox 379 3368 504 3441; x_wconf 84' lang='lat' dir='ltr'>Molem</span> <span class='ocrx_word' id='word_1_90' title='bbox 527 3368 743 3456; x_wconf 83' lang='lat' dir='ltr'>propinquam</span> <span class='ocrx_word' id='word_1_91' title='bbox 767 3367 910 3433; x_wconf 85' lang='lat' dir='ltr'>nubibus</span> <span class='ocrx_word' id='word_1_92' title='bbox 932 3366 1060 3432; x_wconf 73' lang='lat' dir='ltr'>arduis:</span> 
     </span>
     <span class='ocr_line' id='line_1_21' title="bbox 425 3499 807 3566; baseline -0.003 -1"><span class='ocrx_word' id='word_1_93' title='bbox 425 3500 548 3566; x_wconf 89' lang='lat' dir='ltr'>Omitte</span> <span class='ocrx_word' id='word_1_94' title='bbox 570 3500 680 3566; x_wconf 85' lang='lat' dir='ltr'>mirari</span> <span class='ocrx_word' id='word_1_95' title='bbox 703 3499 807 3565; x_wconf 81' lang='lat' dir='ltr'>beetae</span> 
     </span>
     <span class='ocr_line' id='line_1_22' title="bbox 472 3631 1218 3721; baseline 0 -24"><span class='ocrx_word' id='word_1_96' title='bbox 472 3631 616 3697; x_wconf 76' lang='lat' dir='ltr'>Firmum</span> <span class='ocrx_word' id='word_1_97' title='bbox 638 3644 671 3697; x_wconf 89' lang='lat' dir='ltr'>et</span> <span class='ocrx_word' id='word_1_98' title='bbox 693 3655 771 3721; x_wconf 87' lang='lat' dir='ltr'>opes</span> <span class='ocrx_word' id='word_1_99' title='bbox 794 3633 1039 3720; x_wconf 81' lang='lat' dir='ltr'>strepitumque</span> <span class='ocrx_word' id='word_1_100' title='bbox 1055 3633 1181 3696; x_wconf 77' lang='lat' dir='ltr'>Romae.</span> <span class='ocrx_word' id='word_1_101' title='bbox 1213 3688 1218 3697; x_wconf 84' lang='lat'>.</span> 
     </span>
     <span class='ocr_line' id='line_1_23' title="bbox 382 3764 1004 3853; baseline -0.002 -24"><span class='ocrx_word' id='word_1_102' title='bbox 382 3765 580 3851; x_wconf 85' lang='lat' dir='ltr'>Plerumque</span> <span class='ocrx_word' id='word_1_103' title='bbox 602 3775 705 3853; x_wconf 83' lang='lat' dir='ltr'>gratae</span> <span class='ocrx_word' id='word_1_104' title='bbox 728 3764 885 3830; x_wconf 86' lang='lat' dir='ltr'>divitibus</span> <span class='ocrx_word' id='word_1_105' title='bbox 908 3765 1004 3843; x_wconf 86' lang='lat' dir='ltr'>vices,</span> 
     </span>
     <span class='ocr_line' id='line_1_24' title="bbox 373 3896 1085 3986; baseline -0.003 -24"><span class='ocrx_word' id='word_1_106' title='bbox 373 3897 707 3986; x_wconf 81' lang='lat' dir='ltr'>Mun&#39;daeque&#39;pervc</span> <span class='ocrx_word' id='word_1_107' title='bbox 731 3896 792 3961; x_wconf 86' lang='lat' dir='ltr'>sub</span> <span class='ocrx_word' id='word_1_108' title='bbox 815 3897 881 3961; x_wconf 84' lang='lat' dir='ltr'>lere</span> <span class='ocrx_word' id='word_1_109' title='bbox 904 3917 1085 3984; x_wconf 86' lang='lat' dir='ltr'>pauperum</span> 
     </span>
     <span class='ocr_line' id='line_1_25' title="bbox 321 4030 1050 4111; baseline 0 -16"><span class='ocrx_word' id='word_1_110' title='bbox 321 4043 355 4095; x_wconf 83' lang='lat'>15</span> <span class='ocrx_word' id='word_1_111' title='bbox 427 4033 536 4111; x_wconf 84' lang='lat' dir='ltr'>Cenae,</span> <span class='ocrx_word' id='word_1_112' title='bbox 561 4031 629 4096; x_wconf 89' lang='lat' dir='ltr'>sine</span> <span class='ocrx_word' id='word_1_113' title='bbox 651 4030 762 4097; x_wconf 82' lang='lat' dir='ltr'>aulaeis</span> <span class='ocrx_word' id='word_1_114' title='bbox 782 4037 817 4095; x_wconf 79' lang='lat' dir='ltr'>&#39;et</span> <span class='ocrx_word' id='word_1_115' title='bbox 840 4034 939 4109; x_wconf 77' lang='lat' dir='ltr'>ostro,</span> <span class='ocrx_word' id='word_1_116' title='bbox 1047 4067 1050 4070; x_wconf 96' lang='lat'>·</span> 
     </span>
    </p>
   </div>
   <div class='ocr_carea' id='block_1_11' title="bbox 473 4163 1055 4252">
    <p class='ocr_par' dir='ltr' id='par_1_11' title="bbox 473 4163 1055 4252">
     <span class='ocr_line' id='line_1_26' title="bbox 473 4163 1055 4252; baseline -0.007 -21"><span class='ocrx_word' id='word_1_117' title='bbox 473 4165 648 4231; x_wconf 74' lang='lat' dir='ltr'>Sollicitam</span> <span class='ocrx_word' id='word_1_118' title='bbox 673 4163 856 4252; x_wconf 86' lang='lat' dir='ltr'>explicuere</span> <span class='ocrx_word' id='word_1_119' title='bbox 877 4163 1055 4237; x_wconf 71' lang='lat' dir='ltr'>frontem.&#39;&#39;</span> 
     </span>
    </p>
   </div>
   <div class='ocr_carea' id='block_1_12' title="bbox 588 4335 881 4395">
    <p class='ocr_par' dir='ltr' id='par_1_12' title="bbox 588 4335 881 4395">
     <span class='ocr_line' id='line_1_27' title="bbox 588 4335 881 4395; baseline 0.003 -11"><span class='ocrx_word' id='word_1_120' title='bbox 588 4354 613 4387; x_wconf 84' lang='lat' dir='ltr'>v.</span> <span class='ocrx_word' id='word_1_121' title='bbox 624 4338 661 4385; x_wconf 77' lang='lat' dir='ltr'>ll.</span> <span class='ocrx_word' id='word_1_122' title='bbox 679 4335 751 4395; x_wconf 75' lang='lat' dir='ltr'>vulg.</span> <span class='ocrx_word' id='word_1_123' title='bbox 767 4337 881 4385; x_wconf 70' lang='lat' dir='ltr'>Pernen.</span> 
     </span>
    </p>
   </div>
   <div class='ocr_carea' id='block_1_13' title="bbox 0 0 1426 5130">
    <p class='ocr_par' dir='ltr' id='par_1_13' title="bbox 0 0 1426 5130">
     <span class='ocr_line' id='line_1_28' title="bbox 0 0 1426 5130; baseline 0 0"><span class='ocrx_word' id='word_1_124' title='bbox 0 0 1426 5130; x_wconf 95' lang='lat' dir='ltr'> </span> 
     </span>
    </p>
   </div>
  </div>
 </body>
</html>
